nombre,formato,precio,precio_ud/Kg/L,marca,categoria
toallitas bebe fres aloe vera carrefour 80 ud,80 ud,1.05,0.013125000000000001,carrefour baby,bebe
toallitas bebe fresh aloe vera carrefour baby 6x80 uds,6x80 ud,5.85,0.073125,carrefour baby,bebe
preparado lacteo infantil de crecimiento desde 12 meses puleva peques 3 sin gluten y sin lactosa y sin azucar anadido brik 1 l,brik 1 l,1.99,1.99,puleva,bebe
toallitas para bebe dodot basico 54 ud,54 ud,0.99,0.018333333333333333,dodot basico,bebe
preparado lacteo infantil de crecimiento con cereales desde 12 meses puleva peques 3 brik 1 l,brik 1 l,2.09,2.09,puleva,bebe
toallitas para bebe con aloe vera carrefour pack de 3 paquetes de 80 ud,pack de 3 paquetes de 80 ud,2.99,0.012458333333333333,carrefour baby,bebe
toallitas bebe carrefour piel atopica 63 uds,63 uds,1.78,0.028253968253968254,carrefour baby,bebe
toallitas infantil cara y manos baby natura 20 ud,20 ud,0.58,0.028999999999999998,Natura,bebe
bolsita de platano fresa y manzana hero solo sin gluten 100 g,100 g,1.14,11.399999999999999,hero,bebe
toallitas para bebe sin perfume carrefour baby 64 ud,64 ud,1.81,0.02828125,carrefour baby,bebe
preparado lacteo infantil de crecimiento desde 3 anos con galleta maria nestle nativa crecimiento junior brik 1 l,brik 1 l,2.39,2.39,nestle,bebe
toallitas pure aqua dodot 144 ud,144 ud,10.09,0.07006944444444445,dodot,bebe
leche infantil de continuacion desde 6 meses puleva peques 2 brik 1 l,brik 1 l,1.93,1.93,puleva,bebe
bolsita de naranja platano pera y galleta hero mi fruta sin azucar anadido 100 g,100 g,1.14,11.399999999999999,hero,bebe
tarrito de verduritas con pollo y ternera desde 6 meses hero baby sin gluten 235 g,235 g,1.75,7.446808510638299,hero,bebe
bolsita de platano pera y naranja ecologico hero solo sin gluten 100 g,100 g,1.62,16.2,hero solo,bebe
bolsita de fruta mediterranea mi futa hero sin gluten y sin azucar anadido 100 g,100 g,1.14,11.399999999999999,hero,bebe
bolsita yogurin con platano y fresa hero solo sin gluten y sin azucar anadido 100 g,100 g,1.14,11.399999999999999,hero,bebe
tarrito de arroz con pollo desde 6 meses hero solo sin gluten 235 g,235 g,1.75,7.446808510638299,hero,bebe
snack puffs maiz y avena ecologico hero solo 25 g,25 g,1.69,67.6,hero solo,bebe
preparado lacteo infantil de crecimiento con cereales y fruta desde 12 meses puleva peques 3 pack de 3 unidades de 200 ml,pack de 3 unidades de 200 ml,1.99,3.316666666666667,puleva,bebe
panales dodot sensitive t4 10 15 kg 48 ud,15 kg,31.49,2.099333333333333,dodot sensitive extra,bebe
gusanitos con fresa y platano ecologicos smileat sin gluten 25 g,25 g,1.58,63.2,smileat,bebe
toallitas carrefour baby milky x72,x72,1.37,0.01902777777777778,carrefour baby,bebe
postre lacteo de natillas desde 6 meses nestle yogolino pack de 4 unidades de 100 g,pack de 4 unidades de 100 g,3.19,7.975,yogolino,bebe
tarrito de verduritas con dorada desde 8 meses ecologico carrefour baby bio sin gluten pack de 2 unidades de 200 g,pack de 2 unidades de 200 g,3.69,9.225,carrefour bio,bebe
tarrito de verdura con merluza desde 6 meses ecologico smileat sin gluten 230 g,230 g,2.59,11.26086956521739,smileat,bebe
bolsita de manzana platano y fresa nestle cool fruits sin azucar anadido 110 g,110 g,1.36,12.363636363636365,nestle,bebe
bolsita de yogur griego manzana platano y mango ecologico my carrefour baby bio sin azucar anadido 100 g,100 g,0.99,9.899999999999999,carrefour,bebe
bosita de pera ciruela zanahoria y remolacha desde 8 meses danone bledina sin gluten y sin azucar anadido 100 g,100 g,1.41,14.099999999999998,bledina,bebe
preparado lacteo infantil de crecimiento con cereales y cacao 12 meses puleva peques 3 pack de 3 unidades de 200 ml,pack de 3 unidades de 200 ml,1.99,3.316666666666667,puleva,bebe
talco para bebe my carrefour baby 250 g,250 g,2.25,9.0,carrefour baby,bebe
panales dodot activity t5 12 17 kg 48 ud,17 kg,31.4,1.8470588235294116,dodot activity extra,bebe
bolsita de yogur y avena desde 12 meses ecologico smileat 100 g,100 g,1.81,18.099999999999998,smileat,bebe
tarrito de guisantes con jamon desde 6 meses ecologico carrefour baby bio 200 g,200 g,1.54,7.7,carrefour bio,bebe
tarrito de espaguetis con carne y verduras desde 10 meses hero baby pack de 2 unidades de 235 g,pack de 2 unidades de 235 g,4.09,8.702127659574469,hero,bebe
papilla infantil desde 6 meses 8 cereales con galleta maria nestle sin azucar anadido 725 g,725 g,5.45,7.517241379310345,nestle,bebe
panales bebe seco dodot t5 11 16 kg 72 ud,16 kg,27.0,1.6875,dodot bebe seco,bebe
tarrito de melocoton y platano desde 4 meses hero baby sin gluten 190 g,190 g,1.47,7.7368421052631575,hero,bebe
panales dodot activity t4 10 15 kg 52 ud,15 kg,31.4,2.0933333333333333,dodot activity extra,bebe
bolsita de cacao nesquik 110 g,110 g,1.59,14.454545454545455,nestle,bebe
panales dodot sensitive t3 7 11 kg 56 ud,11 kg,31.49,2.862727272727273,dodot sensitive extra,bebe
papilla infantil hero crema de arroz desde 4 meses sin gluten y sin azucar anadido 220 g,220 g,2.95,13.40909090909091,hero,bebe
panales dodot sensitive t5 12 17 kg 44 ud,17 kg,31.49,1.8523529411764705,dodot sensitive extra,bebe
panales carrefour baby ultra dry talla 3 4 9 kg 104 ud,9 kg,14.99,1.6655555555555557,carrefour baby ultra dry,bebe
ropa interior absorbente nino noche drynites 4 7 anos 17 30 kg 16 ud,30 kg,12.55,0.41833333333333333,drynites,bebe
bolsita de frutas variadas nestle happy fruits sin azucar anadido 110 g,110 g,1.36,12.363636363636365,nestle,bebe
tarrito de verduritas con pollo desde 6 meses ecologico carrefour baby bio pack de 2 unidades de 200 g,pack de 2 unidades de 200 g,2.85,7.125,carrefour bio,bebe
tarrito de verduritas con pavo desde 6 meses ecologico carrefour baby bio pack de 2 unidades de 200 g,pack de 2 unidades de 200 g,2.85,7.125,carrefour bio,bebe
bolsita de naranja platano pera y galleta desde 12 meses hero solo sin azucar anadido pack 4 unidades de 100 g,pack 4 unidades de 100 g,4.39,1.0975,hero,bebe
tarrito de verduritas con ternera desde 6 meses ecologico carrefour baby bio pack de 2 unidades de 200 g,pack de 2 unidades de 200 g,2.85,7.125,carrefour bio,bebe
postre lacteo natural desde 6 meses nestle yogolino sin gluten y sin azucar anadido 100 g,100 g,1.3,13.0,yogolino,bebe
bolsita de cacao y platano nesquik 110 g,110 g,1.59,14.454545454545455,nestle,bebe
yogur infantil de yogurin con fresa y platano hero solo sin gluten y sin azucar anadido pack 4 unidades de 100 g,pack 4 unidades de 100 g,4.39,1.0975,hero,bebe
postre lacteo melocoton y platano desde 6 meses nestle yogolino sin gluten y sin azucar anadido pack de 4 unidades de 100 g,pack de 4 unidades de 100 g,3.19,7.975,yogolino,bebe
gasas bebe para limpieza de ojos y cara dytas 100 us,1 paquete,2.95,2.95,dytas,bebe
panales dodot bebe seco t4 9 14 kg 78 ud,14 kg,27.0,1.9285714285714286,dodot bebe seco,bebe
preparado lacteo infantil de crecimiento desde 3 anos nestle junior original sin gluten y sin azucar anadido brik 1 l,brik 1 l,2.39,2.39,nestle,bebe
tarrito de arroz con pollo y verduritas desde 6 meses ecologico carrefour baby bio pack de 2 unidades de 200 g,pack de 2 unidades de 200 g,2.85,7.125,carrefour bio,bebe
panales dodot bebe seco t6 13 18 kg 66 ud,18 kg,22.2,1.2333333333333334,dodot bebe seco,bebe
papilla infantil desde 6 meses avena integral con ciruela gerber sin azucar anadido 250 g ,250 g,4.89,19.56,gerber,bebe
postre lacteo de galleta desde 12 meses nestle yogolino pack de 4 unidades de 100 g,pack de 4 unidades de 100 g,3.19,7.975,yogolino,bebe
agua de colonia fragancia original con menos alcohol nenuco 1100 ml,1100 ml,6.79,6.172727272727272,nenuco,bebe
tarrito de multifrutas con mango desde 6 meses ecologico hero solo 120 g,120 g,1.62,13.500000000000002,hero,bebe
tarrito de guisito de alubias desde 6 meses ecologico smileat sin gluten 230 g,230 g,2.59,11.26086956521739,smileat,bebe
bolsita de cereza acai y amaranto desde 8 meses ecologico smileat sin gluten 100 g,100 g,1.81,18.099999999999998,smileat,bebe
panales dodot bebe seco t7 15 kg 60 ud,15 kg,22.0,1.4666666666666666,dodot bebe seco,bebe
tarrito de verduritas con pollo desde 6 meses hero baby buenas noches sin gluten pack de 2 unidades 190 g,pack de 2 unidades,2.95,1.475,hero,bebe
papilla infantil desde 6 meses 8 cereales con galleta maria nestle sin azucar anadido 950 g,950 g,6.85,7.2105263157894735,nestle,bebe
tarrito de pollo con arroz desde 6 meses ecologico smileat sin gluten 230 g,230 g,2.59,11.26086956521739,smileat,bebe
bolsita de manzana zanahoria y mango ecologica my carrefour baby bio 100 g,100 g,0.99,9.899999999999999,carrefour,bebe
leche infantil de continuacion desde los 6 meses en polvo nestle nan optipro 2 lata 800 g,lata 800 g,21.5,26.875,Desconocida,bebe
postre lacteo de platano desde 6 meses nestle yogolino sin gluten y sin azucar anadido 100 g,100 g,1.3,13.0,yogolino,bebe
preparado lacteo infantil de crecimiento desde 1 ano en polvo nestle nativa 3 lata 800 g,lata 800 g,12.05,15.0625,nativa,bebe
leche infantil para lactantes en polvo nestle nativa 1 lata 800 g,lata 800 g,11.95,14.937499999999998,nativa,bebe
suero fisiologico senti2 pack 30 monodosis de 5 ml,5 ml,3.65,730.0,senti 2,bebe
leche infantil para lactantes en polvo nestle nidina 1 lata 800 g,lata 800 g,14.95,18.687499999999996,nidina,bebe
toallitas humedas para bebe ecologicas natur aqua salustar 60 ud,60 ud,2.69,0.04483333333333333,brevia,bebe
polvos de talco suave bebe piel sensible natural hipoalergenico johnsons baby 200 g,200 g,3.25,16.25,johnsons baby,bebe
papilla infantil desde 6 meses 8 cereales con miel nestle 950 g,950 g,6.85,7.2105263157894735,nestle,bebe
snack infantil tubitos de zanahoria y maiz desde 8 meses ecologico danone bledina sin gluten y sin azucar anadido 20 g,20 g,1.25,62.5,bledina,bebe
postre lacteo natural desde 6 meses nestle yogolino sin gluten y sin azucar anadido pack de 4 unidades de 100 g,pack de 4 unidades de 100 g,3.19,7.975,yogolino,bebe
postre lacteo mango desde 6 meses nestle yogolino sin gluten y sin azucar anadido pack de 4 unidades de 100 g,pack de 4 unidades de 100 g,3.19,7.975,nestle,bebe
toallitas sensitive carrefour 3x72 uds,3x72 ud,6.85,0.09513888888888888,carrefour baby,bebe
leche infantil para lactantes en polvo nestle nan supreme pro 1 lata 800 g,lata 800 g,28.5,35.625,Desconocida,bebe
tarrito guiso verduras con merluza y pasta desde 10 meses hero solo pack de 2 unidades de 235 g,pack de 2 unidades de 235 g,4.09,8.702127659574469,hero,bebe
tarrito de bacalao con patatas y verduras desde 6 meses ecologico smileat  230 g,230 g,2.95,12.82608695652174,smileat,bebe
papilla infantil desde 6 meses liquida nestle pijama pack de 2 unidades de 250 ml,pack de 2 unidades de 250 ml,2.65,5.3,nestle,bebe
preparado de manzana sin azucar anadido desde 6 meses ecologico my carrefour baby sin gluten pack de 4 bolsitas de 100 g,pack de 4 bolsitas de 100 g,2.55,25.499999999999996,carrefour bio,bebe
colonia original denenes 600 ml,600 ml,4.25,7.083333333333334,denenes,bebe
tarrito de verduras con lubina desde 8 meses ecologico carrefour baby bio sin gluten pack de 2 unidades de 200 g,pack de 2 unidades de 200 g,3.69,9.225,carrefour bio,bebe
tarrito cocidito con ternera y jamon desde 6 meses ecologico smileat sin gluten 230 g,230 g,2.95,12.82608695652174,smileat,bebe
bastoncillos johnsons baby 100 ud,100 ud,2.39,0.0239,johnsons baby,bebe
champu gotas de brillo para cabellos mas brillantes suaves y sedosos johnsons baby 500 ml,500 ml,4.65,9.3,johnsons,bebe
protector absorbente carrefour baby10 ud,10 ud,4.15,0.41500000000000004,carrefour baby,bebe
gel champu original denenes 600 ml,600 ml,4.29,7.15,denenes,bebe
tarrito de cocido de ternera desde 8 meses hero baby sin gluten pack de 2 unidades 190 g,pack de 2 unidades,2.95,1.475,hero,bebe
tarrito de guisantes tiernos con jamon desde 6 meses hero baby buenas noches sin gluten pack de 2 unidades de 190 g,pack de 2 unidades de 190 g,2.95,7.7631578947368425,hero,bebe
preparado lacteo infantil de crecimiento desde 12 meses en polvo nestle nidina 3 lata 800 g,lata 800 g,17.49,21.862499999999997,nidina,bebe
pants dodot activity t4 9 15 kg 43 ud,15 kg,29.4,1.96,dodot activity extra,bebe
tarrito de calabaza patata guisante y brocoli desde 6 meses  ecologico hero solo sin gluten 190 g,190 g,2.69,14.157894736842104,hero solo,bebe
tarrito de manzana y platano ecologico carrefour baby bio desde 6 meses pack de 2 unidades de 200 g,pack de 2 unidades de 200 g,2.85,7.125,carrefour bio,bebe
tarrito de verduritas con pollo desde 6 meses hero solo buenas noches sin gluten pack de 6 unidades 190 g,pack de 6 unidades,9.19,1.5316666666666665,hero,bebe
panales carrefour baby ultra dry talla 6 xl  16 kg 120 ud,16 kg,31.6,1.975,carrefour baby,bebe
tarrito de verduras con lentejas y jamon desde 10 meses hero baby sin gluten pack de 2 unidades de 235 g,pack de 2 unidades de 235 g,4.09,8.702127659574469,hero,bebe
papilla infantil desde 6 meses con miel nestle pijama pack de 2 unidades de 250 ml,pack de 2 unidades de 250 ml,2.65,5.3,nestle,bebe
yogur infantil petit queso fresco y frutas variadas desde 6 meses hero baby sin gluten pack de 2 unidades de 80 g,pack de 2 unidades de 80 g,3.15,19.6875,hero,bebe
toallitas para bebe delicate carrefour my baby 24 ud,24 ud,0.76,0.03166666666666667,carrefour,bebe
tarrito multifrutas ecologica carrefour baby bio desde 6 meses pack de 2 unidades de 200 g,pack de 2 unidades de 200 g,2.85,7.125,carrefour bio,bebe
tarrito de crema de patata puerro y zanahoria desde 6 meses nutriben potitos sin gluten 235 g,235 g,1.84,7.829787234042554,nutriben,bebe
leche infantil de continuacion desde 6 meses nestle nan supreme pro 2 lata 800 g,lata 800 g,26.9,33.62499999999999,Desconocida,bebe
gel de bano y champu ricitos de oro manzanilla grisi 500 ml,500 ml,3.69,7.38,ricitos de oro,bebe
bolsita de tutti frutti nestle crazy fruits sin azucar anadido 110 g,110 g,1.36,12.363636363636365,nestle,bebe
bolsita de manzana zanahoria y mango desde 6 meses nestle sin gluten y sin azucar anadido 90 g,90 g,1.2,13.333333333333334,nestle,bebe
pack suero fisiologico senti 2 2x30 unidades monodosis 5ml,2x30 unidades,7.09,0.23633333333333334,senti 2,bebe
snack infantil desde 10 meses guisantes y maiz ecologico hero solo sin gluten 40 g,40 g,2.85,71.25,hero,bebe
tarrito de arroz con pavo y verduritas desde 10 meses ecologico cachitos smileat sin gluten 230 g,230 g,2.59,11.26086956521739,smileat,bebe
snacks de cereales con frambuesa desde 8 meses ecologico gerber sin azucar anadido 35 g,35 g,2.79,79.71428571428571,gerber,bebe
tarrito de hervido de verduras de la huerta desde 6 meses hero solo sin gluten 235 g,235 g,1.75,7.446808510638299,hero,bebe
panales dodot activity t6 14 kg 44 ud,14 kg,31.4,2.242857142857143,dodot activity extra,bebe
panales dodot bebe seco xxl t3 6 10 kg 176 ud,10 kg,55.8,5.58,dodot bebe seco,bebe
preparado infantil de crecimiento peques 3 puleva sin gluten sin lactosa y sin azucares anadidos pack 3 unidades 200 ml,pack 3 unidades,2.15,0.7166666666666667,puleva,bebe
pants optima adsorption my carrefour baby t4 8  15 kg 44 ud,15 kg,9.39,0.626,carrefour baby,bebe
tarrito de pera ciruela y platano desde 4 meses ecologico smileat sin gluten 130 g,130 g,1.91,14.692307692307692,smileat,bebe
tarrito de crema de zanahoria y calabaza verduras desde 6 meses hero solo sin gluten 190 g,190 g,1.62,8.526315789473685,hero solo,bebe
ropa interior absorbente nina noche drynites 4 7 anos 17 30 kg 16 ud,30 kg,12.55,0.41833333333333333,drynites,bebe
snack chips de fresa hero kids sin gluten 12 g,12 g,2.79,232.5,hero,bebe
tarrito de arroz con pollo desde 6 meses hero solo sin gluten pack de 6 unidades de 235 g,pack de 6 unidades de 235 g,10.19,7.226950354609929,hero,bebe
tarrito de verduras con pescadilla a la crema desde 6 meses hero solo sin gluten pack de 2 unidades de 190 g,pack de 2 unidades de 190 g,2.95,7.7631578947368425,hero,bebe
snack infantil flores de lenteja y maiz desde 10 meses ecologico danone bledina sin gluten 20 g,20 g,1.25,62.5,bledina,bebe
toallitas para bebe dodot 208 ud,208 ud,5.29,0.02543269230769231,dodot,bebe
tarrito de frutas variadas y galleta desde 6 meses hero baby merienda sin aceite de palma pack de 6 unidades de 190 g,pack de 6 unidades de 190 g,9.89,8.67543859649123,hero,bebe
panales dodot t3 7 11 kg 112 ud,11 kg,31.2,2.8363636363636364,dodot,bebe
tarrito verduras con lentejas y pollo desde 6 meses ecologico hero solo sin gluten 190 g,190 g,2.69,14.157894736842104,hero solo,bebe
crema balsamo para proteger la zona del panal 1 2 3 mustela 150 ml,150 ml,12.49,83.26666666666667,mustela,bebe
leche infantil para lactantes en polvo blemil confort protech 1 lata 800 g,lata 800 g,30.6,38.25,blemil,bebe
protegecamas infantil carrefour baby 10 ud,10 ud,5.95,0.595,carrefour baby,bebe
crema protectora de panal johnsons baby 100 ml,100 ml,5.05,50.49999999999999,johnsons baby,bebe
tarrito con cachitos de arroz con salmon y guisantes desde 10 meses ecologico smileat sin gluten 230 g,230 g,2.95,12.82608695652174,smileat,bebe
pants agatha ruiz de la prada talla 5 12 18 kg 40 ud exclusivo carrefour,18 kg,14.45,0.8027777777777777,carrefour,bebe
snacks de cereales con platano desde 8 meses ecologico gerber sin azucar anadido 35 g,35 g,2.79,79.71428571428571,gerber,bebe
toallitas para bebe sin perfume ecologicas carrefour bio 64 ud,64 ud,2.55,0.03984375,carrefour baby,bebe
galletitas infantiles animales desde 12 meses ecologicas hero solo 100 g,100 g,3.89,38.9,hero solo,bebe
panales dodot t6 13 18 kg 140 ud,18 kg,46.6,2.588888888888889,dodot bebe seco,bebe
preparado de multifrutas sin azucar anadido desde 12 meses ecologico my carrefour baby bio sin gluten pack de 4 bolsitas de 100 g,pack de 4 bolsitas de 100 g,2.55,25.499999999999996,carrefour bio,bebe
panales carrefour baby ultra dry talla 5 junior 12 20 kg 84 uds,20 kg,15.69,0.7845,carrefour baby ultra dry,bebe
tarrito de menestra de cordero desde 6 meses nutriben potitos sin gluten 235 g,235 g,1.84,7.829787234042554,nutriben,bebe
tarrito de verduritas con delicias de pavo desde 6 meses hero solo sin gluten 235 g,235 g,1.75,7.446808510638299,hero,bebe
tarrito de zanahorias con arroz en caldito de pollo desde 6 meses hero solo sin gluten 235 g,235 g,1.75,7.446808510638299,hero,bebe
panales carrefour baby ultra dry talla 4 7 18 kg 92 ud,18 kg,14.69,0.8161111111111111,carrefour baby ultra dry,bebe
preparado de fresa sin azucar anadido desde 6 meses ecologico my carrefour baby bio sin gluten pack de 4 bolsitas de 100 g,pack de 4 bolsitas de 100 g,2.55,25.499999999999996,carrefour bio,bebe
toallitas humedas higienicas infantiles carrefour soft 100 ud,100 ud,2.15,0.0215,carrefour,bebe
bolsita de manzana platano y zanahoria ecologico hero solo sin gluten 100 g,100 g,1.62,16.2,hero solo,bebe
esponja suave bebe carrefour 1 ud,1 ud,0.9,0.9,carrefour,bebe
tarrito de pera y manzana desde 4 meses ecologico hero solo sin gluten 120 g,120 g,1.3,10.833333333333334,hero solo,bebe
tarrito de zanahorias baby con ternera desde 6 meses hero solo sin gluten 235 g,235 g,1.75,7.446808510638299,hero,bebe
bastoncillos de algodon carrefour baby 60 ud ,60 ud,1.05,0.0175,carrefour baby,bebe
toallitas babe carrefour clean  fresh x24 uds,x24 ud,0.75,0.03125,carrefour baby,bebe
tarrito de verduras con pollo desde 6 meses nutriben potitos sin gluten 235 g,235 g,1.84,7.829787234042554,nutriben,bebe
preparado de manzana platano arandanos y avena desde 6 meses ecologico my carrefour baby bio sin gluten y sin azucar anadido pack de 4 unidades de 100 g,pack de 4 unidades de 100 g,3.25,8.125,carrefour baby,bebe
toallitas para bebe dodot 64 ud,64 ud,1.9,0.0296875,dodot,bebe
toallitas bebe camomila my carrefour baby 80 ud,80 ud,1.69,0.021124999999999998,carrefour baby,bebe
bolsita de multifrutas desde 6 meses nestle sin gluten y sin azucar anadido 90 g,90 g,1.4,15.555555555555555,nestle,bebe
tarrito de verduritas con merluza desde 6 meses hero solo sin gluten 235 g,235 g,1.75,7.446808510638299,hero,bebe
preparado lacteo infantil de crecimiento desde 3 anos con cereales nestle nativa junior brik 1 l,brik 1 l,2.39,2.39,nestle,bebe
toallitas bebe sensitive my baby carrefour 72 ud,72 ud,2.29,0.03180555555555556,carrefour baby,bebe
snack con manzana y platano ecologico smileat sin gluten 25 g,25 g,1.58,63.2,smileat,bebe
tarrito de pollo con arroz desde 6 meses nutriben potitos sin gluten 235 g,235 g,1.84,7.829787234042554,nutriben,bebe
locion suave para ayudar a que los bebes duerman mejor dulces suenos johnsons baby 500 ml,500 ml,5.29,10.58,johnsons baby,bebe
tarrito de menestra de verduras ternera y jamon desde 6 meses hero baby sin gluten pack de 6 unidades de 235 g,pack de 6 unidades de 235 g,10.19,7.226950354609929,hero,bebe
papilla infantil desde 6 meses 8 cereales con miel nestle 725 g,725 g,5.45,7.517241379310345,nestle,bebe
leche infantil de continuacion desde 6 meses en polvo nutriben innova 2 sin aceite de palma lata 800 g,lata 800 g,26.6,33.25,nutriben,bebe
gel   champu para bebe atopic protect aceite de aguacate carrefour my baby 500 ml,500 ml,3.25,6.5,carrefour baby,bebe
toallitashuggies natural care 21 paquetes 168 uds,168 uds,5.75,0.03422619047619048,huggies,bebe
toallitas sensibles para recien nacido biodegradables sin fragancia waterwipes 60 ud,60 ud,4.25,0.07083333333333333,water wipes,bebe
tarrito multifrutas con mango desde 4 meses ecologico smileat sin gluten 130 g,130 g,1.91,14.692307692307692,smileat,bebe
tarrito de guisantes tiernos con jamon cocido extra desde 6 meses hero solo sin gluten pack de 6 unidades de 190 g,pack de 6 unidades de 190 g,9.19,8.06140350877193,hero,bebe
postre lacteo de cacao desde 8 meses nestle yogolino sin gluten pack de 4 unidades de 100 g,pack de 4 unidades de 100 g,3.19,7.975,yogolino,bebe
papilla infantil desde 6 meses cereales integrales muticereales ecologico hipp biologico sin lactosa 400 g,400 g,6.99,17.474999999999998,hipp,bebe
postre de coco platano desde 6 meses nestle yogolino sin gluten y sin lactosa pack de 4 unidades de 90 g,pack de 4 unidades de 90 g,3.79,10.527777777777779,yogolino,bebe
tarrito de jardinera de ternera desde 6 meses nestle sin gluten 190 g,190 g,1.84,9.68421052631579,nestle,bebe
tarrito de melocoton con platano y pera ecologico carrefour baby bio desde 6 meses pack de 2 unidades de 200 g,pack de 2 unidades de 200 g,2.85,7.125,carrefour bio,bebe
snacks infantil de fresa y manzana ecologico smileat 25 g,25 g,1.86,74.4,smileat,bebe
champu camomila johnsons baby 500 ml,500 ml,4.85,9.7,johnsons baby,bebe
toallitas para bebe calma  protege pure dodot 138 ud,138 ud,11.69,0.08471014492753623,dodot,bebe
tarrito de verduras con pollo y ternera desde 6 meses hero solo sin gluten pack de 6 unidades de 235 g,pack de 6 unidades de 235 g,10.19,7.226950354609929,hero,bebe
snacks infantil pizza dino puffs goodies 30 g,30 g,2.05,68.33333333333333,hero goodies,bebe
tarrito de frutas con copos de avena ecologico carrefour baby bio desde 6 meses pack de 2 unidades de 200 g,pack de 2 unidades de 200 g,2.85,7.125,carrefour bio,bebe
panales carrefour baby ultra dry talla 3 4 9 kg 160 ud,9 kg,22.9,2.5444444444444443,carrefour baby ultra dry,bebe
tarrito de calabaza y calabacin desde 4 meses ecologico smileat sin gluten 230 g,230 g,2.69,11.695652173913043,smileat,bebe
ropa interior absorbente nina noche drynites 8 15 anos 27 57 kg 13 ud,57 kg,12.55,0.22017543859649125,drynites,bebe
pants dodot activity t5 12 17 kg 38 ud,17 kg,29.4,1.7294117647058822,dodot activity extra,bebe
panales premium ultra protect carrefour baby t4 7kg 18kg 40 ud,7kg,13.35,1.907142857142857,carrefour baby ultra protect,bebe
champu suave para bebe con leche de almendras dulces sin lagrimas nenuco 500 ml,500 ml,4.65,9.3,nenuco,bebe
panales dodot bebe seco t3 6 10 kg 84 ud,10 kg,26.9,2.69,dodot bebe seco,bebe
agua de colonia fragancia original nenuco classic 650 ml,650 ml,4.55,6.999999999999999,nenuco,bebe
galletas infantiles desde 10 meses nestle pequegalletas sin aceite de palma 180 g,180 g,3.89,21.611111111111114,nestle,bebe
leche infantil de continuacion 2 desde 6 meses en polvo nutriben continuacion pro a sin aceite de palma lata 800 g,lata 800 g,19.55,24.4375,nutriben,bebe
panales dodot sensitive t6 14 kg 41 ud,14 kg,31.49,2.249285714285714,dodot sensitive extra,bebe
tarrito de verduritas con merluza desde 6 meses hero solo sin gluten pack de 6 unidades de 235 g,pack de 6 unidades de 235 g,10.19,7.226950354609929,hero,bebe
protector de cama 80 x 180 cms sabanindas 20 ud,80 x 180,14.15,0.07861111111111112,sabanindas,bebe
gel de bano suave cuerpo y cabello mustella 500 ml,500 ml,12.85,25.7,mustela,bebe
tarrito de verduras y pollo desde 8 meses danone bledina sin gluten sin lactosa y sin azucar anadido 200 g,200 g,1.59,7.95,bledina,bebe
tarrito de potaje de alubias y verduras desde 8 meses hero baby sin gluten pack de 2 unidades de 190 g,pack de 2 unidades de 190 g,2.95,7.7631578947368425,hero,bebe
toallitas delicadas humedas ecologicas disney baby naturaverde 64 ud ,64 ud,3.15,0.04921875,naturaverde,bebe
chupete de silicona fisiologico sx pro 0 6 meses suavinex 1 ud,x 1 ud,5.85,5.85,suavinex,bebe
preparado 7 frutas desde 6 meses nestle sin gluten sin lactosa y sin azucar anadido pack de 4 unidades de 100 g,pack de 4 unidades de 100 g,3.15,7.874999999999999,nestle,bebe
gel de bano con espuma con aguacate mustela 750 ml,750 ml,13.75,18.333333333333332,mustela,bebe
bolsita de fruta y galleta nestle party fruits sin azucar anadido 110 g,110 g,1.41,12.818181818181817,nestle,bebe
tarrito de cazuela de merluza a la marinera desde 8 meses hero baby sin gluten pack de 2 unidades de 190 g,pack de 2 unidades de 190 g,2.95,7.7631578947368425,hero,bebe
gel dermo limpiador mustela 750 ml,750 ml,14.29,19.05333333333333,mustela,bebe
tarrito de verduras con pescadilla a la crema desde 8 meses hero solo sin gluten pack de 6 unidades de 190 g,pack de 6 unidades de 190 g,9.19,8.06140350877193,hero,bebe
tarrito de zanahorias guisantes y merluza desde 6 meses ecologico hero solo sin gluten 190 g,190 g,2.69,14.157894736842104,hero solo,bebe
pants dodot activity t6 14 19 kg 35 ud,19 kg,29.4,1.5473684210526315,dodot activity extra,bebe
toallitas humedas con tapa infantiles peppa pig 20 uds,20 uds,1.55,0.0775,peppa pig,bebe
leche infantil para lactantes 1 desde el primer dia en polvo nutriben natal pro a sin aceite de palma lata 800 g,lata 800 g,21.5,26.875,nutriben,bebe
tarrito de frutas variadas desde 4 meses hero baby sin gluten pack de 6 unidades de 190 g,pack de 6 unidades de 190 g,9.89,8.67543859649123,hero,bebe
postre lacteo fresa desde 8 meses nestle yogolino sin gluten pack de 8 unidades de 100 g,pack de 8 unidades de 100 g,5.05,6.312499999999999,yogolino,bebe
leche infantil de continuacion desde 6 meses en polvo classic 2 hero nutrasense 1 lata 800 g,lata 800 g,12.99,16.2375,hero,bebe
papilla infantil desde 6 meses hero 8 cereales sin azucar anadido 550 g,550 g,5.65,10.272727272727273,hero,bebe
toallitas para bebe biodegradables chicco 120 ud,120 ud,3.19,0.026583333333333334,chicco,bebe
protector absorbente sabanindas extra 60x60cm 20 ud,60x60,10.75,0.17916666666666667,sabanindas,bebe
champu y gel calendula ecologico weleda baby 200 ml,200 ml,10.45,52.24999999999999,weleda,bebe
panales premium ultra protect carrefour baby t3 4kg 9kg 47 ud,4kg,13.35,3.3375,carrefour baby ultra protect,bebe
leche infantil para lactantes en polvo nestle nan optipro 1 lata 800 g,lata 800 g,23.8,29.75,Desconocida,bebe
yogur infantil platano y fresas desde 6 meses hero baby sin gluten y azucar anadido pack de 2 unidades de 120 g,pack de 2 unidades de 120 g,3.19,13.291666666666666,hero,bebe
tarrina de manzana golden y platano 4 meses hero baby sin gluten pack 4 unidades 100 g,pack 4 unidades,2.99,0.7475,hero,bebe
tarrito de pera y platano desde 4 meses ecologico hero solo sin gluten 190 g,190 g,2.69,14.157894736842104,hero solo,bebe
tarrito de verduras con alubias y ternera desde 6 meses ecologico hero solo sin gluten 190 g,190 g,2.69,14.157894736842104,hero solo,bebe
tarrito de crema de verduras con rape desde 8 meses buenas noches hero baby pack de 2 unidades de 190 g,pack de 2 unidades de 190 g,2.95,7.7631578947368425,hero,bebe
papilla infantil desde 12 meses 8 cereales con cacao nestle sin azucar anadido 725 g,725 g,5.45,7.517241379310345,nestle,bebe
postre lacteo de platano desde 6 meses nestle yogolino sin gluten pack de 8 unidades de 100 g,pack de 8 unidades de 100 g,5.05,6.312499999999999,yogolino,bebe
pants dodot activity t7 17 kg 29 ud,17 kg,29.4,1.7294117647058822,dodot activity pants,bebe
braguitas desechables unitalla indasec pospart 4 ud,4 ud,5.09,1.2725,indasec,bebe
bano de burbujas para ninos johnsons baby 750 ml,750 ml,4.29,5.72,johnsons baby,bebe
panales premium ultra protect carrefour baby t5 11kg 25kg 36 ud,11kg,13.35,1.2136363636363636,carrefour baby ultra protect,bebe
mini crackers 10 meses ecologico bledina sin azucares anadidos 30 g,30 g,1.25,41.66666666666667,bledina,bebe
papilla infantil desde 6 meses multicereales nestle sin azucar anadido 270 g ,270 g,4.25,15.74074074074074,nestle,bebe
bolsita de mango desde 6 meses ecologico gerber sin gluten y sin azucar anadido 90 g,90 g,1.77,19.666666666666668,gerber,bebe
leche infantil de continuacion desde 6 meses en polvo almiron advance 2 sin aceite de palma lata 800 g,lata 800 g,23.4,29.249999999999996,almiron,bebe
bolsas panales carrefour baby x50,x50,2.09,0.0418,carrefour baby,bebe
leche infantil para lactantes desde el primer dia en polvo almiron advance 1 sin aceite de palma lata 800 g,lata 800 g,24.0,30.0,almiron,bebe
panales dodot activity t3 7 11 kg 60 ud,11 kg,31.4,2.8545454545454545,dodot activity extra,bebe
toallitas para bebe baby zero salustar 80 ud,80 ud,2.69,0.033625,salustar,bebe
postre lacteo natural desde 6 meses nestle yogolino sin gluten pack de 8 unidades de 100 g,pack de 8 unidades de 100 g,5.05,6.312499999999999,yogolino,bebe
gel champu my carrefour baby 750 ml,750 ml,3.59,4.786666666666666,carrefour baby,bebe
bolsita de pera platano y kiwi desde 6 meses ecologica hipp sin gluten 100 g,100 g,2.09,20.9,hipp,bebe
pack de 30 discos de lactancia indas,1 paquete,3.85,3.85,maternity,bebe
locion cara y cuerpo 24h de hidratacion cottontouch johnsons baby 500 ml,500 ml,5.29,10.58,johnsons baby,bebe
bolsita de manzana fresa platano y arandanos ecologica hero solo sin gluten pack de 4 unidades de 100 g,pack de 4 unidades de 100 g,6.05,15.124999999999998,hero solo,bebe
pants dodot t5 12 17 kg 58 ud,17 kg,26.1,1.535294117647059,dodot bebe seco,bebe
leche de formula anti colico y anti estrenimiento a partir del primer dia en polvo almiron advance digest 1 lata 800 g,lata 800 g,32.3,40.37499999999999,almiron,bebe
leche infantil de continuacion desde 6 meses liquida nestle nativa 2 brik 1 l,brik 1 l,2.59,2.59,nativa,bebe
ropa interior absorbente nino noche drynites 3 5 anos 16 23 kg 16 ud,23 kg,12.55,0.5456521739130435,drynites,bebe
tarrito de hortalizas con ternera desde 6 meses ecologico gerber sin gluten 190 g,190 g,2.65,13.94736842105263,gerber,bebe
leche infantil de continuacion desde 6 meses en polvo almiron advance 2 sin aceite de palma 1200 g,1200 g,29.5,24.583333333333336,almiron,bebe
gel champu felices suenos denenes 600 ml,600 ml,4.39,7.316666666666666,denenes,bebe
leche infantil de continuacion desde 6 meses blemil plus 2 lata 1200 g,lata 1200 g,29.7,24.75,blemil,bebe
preparado lacteo de crecimiento desde 12 meses blemil plus 3 lata 1200 g,lata 1200 g,24.7,20.583333333333332,blemil,bebe
colonia infantil suavinex 100 ml,x 100,13.79,0.1379,suavinex,bebe
papilla infantil desde 6 meses 8 cereales con fruta nestle sin azucar anadido 475 g,475 g,4.49,9.452631578947368,nestle,bebe
leche corporal hidratante con aguacate hydra bebe mustela 500 ml,500 ml,14.15,28.3,mustela,bebe
tarrito de verduras con pollo desde 6 meses ecologico natube sin gluten 220 g,220 g,2.89,13.136363636363637,natube,bebe
pomada hipoalergenica para proteger la zona del panal bephantol 100 g,100 g,15.45,154.49999999999997,bepanthol,bebe
biberon con tetina de silicona fisiologica sx pro flujo denso 6 meses suavinex 360 ml,x 360,11.59,0.03219444444444444,suavinex,bebe
tarrito de verduras con garbanzos desde 6 meses ecologico natube sin gluten 220 g,220 g,2.55,11.59090909090909,natube,bebe
bolsita de platano pera y naranja ecologica hero solo sin gluten pack 4 unidades de 100 g,pack 4 unidades de 100 g,6.05,1.5125,hero solo,bebe
snacks infantil bbq crocodile puffs goodies 30 g,30 g,2.05,68.33333333333333,hero goodies,bebe
crema facial mustela hydra bebe 40 ml,40 ml,9.55,238.75,mustela,bebe
snacks infantil queso y cebolla dino puffs goodies 30 g,30 g,2.05,68.33333333333333,hero goodies,bebe
tarrito de verduras con quinoa desde 6 meses ecologico natube sin gluten 220 g,220 g,2.55,11.59090909090909,natube,bebe
tarrito de verduras y ternera desde 6 meses danone bledina sin gluten sin lactosa y sin azucar anadido 200 g,200 g,1.59,7.95,bledina,bebe
papilla infantil desde los 5 meses  8 cereales damira sin lactosa 600 g,600 g,9.25,15.416666666666668,damira,bebe
tarrito de crema de verduras y pollo desde 6 meses danone bledina sin gluten y sin azucar anadido 200 g,200 g,1.59,7.95,bledina,bebe
recambios blandos para aspirador nasal desechables narhinel confort rhinomer baby 10 ud,10 ud,6.59,0.659,narhinel,bebe
papilla infantil desde 6 meses multicereales y galleta nestle sin azucar anadido 270 g,270 g,4.25,15.74074074074074,nestle,bebe
leche de inicio blemil plus 1 forte 1200 g,1200 g,29.6,24.666666666666668,blemil,bebe
leche infantil para lactantes desde el primer dia en polvo almiron advance 1 sin aceite de palma 1200 g,1200 g,33.4,27.833333333333332,almiron,bebe
panales carrefour baby 0 talla 5 11 25 kg 24 ud,25 kg,9.09,0.3636,carrefour baby,bebe
pomada para proteger la zona del panal mitosyl 145 g,145 g,16.99,117.17241379310344,mitosyl,bebe
tarrito de verduras con merluza desde 6 meses ecologico natube sin gluten 220 g,220 g,2.89,13.136363636363637,natube,bebe
pasta de letras bolonesa ecologico abc hipp 250 g,250 g,4.79,19.16,hipp,bebe
champu bebe suave piel normal mustela 200 ml,200 ml,8.55,42.75,mustela,bebe
tarrito de yogur natural desde 6 meses hero baby sin gluten pack de 2 unidades 120 g,pack de 2 unidades,3.19,1.595,hero,bebe
preparado lacteo infantil de crecimiento desde 12 meses en polvo almiron advance 3 sin aceite de palma lata 800 g,lata 800 g,20.2,25.249999999999996,almiron,bebe
tarrito de tomate arroz y pescado blanco desde 8 meses danone bledina sin gluten y sin azucar anadido 200 g,200 g,1.59,7.95,bledina,bebe
crema balsamo panal bebe instituto espanol 150ml,150ml,4.75,31.666666666666668,instituto espanol,bebe
mochila nenuco pingino jabon de ducha 200 ml agua de colonia 200 ml y champu 200 ml,200 ml,9.65,48.25,nenuco,bebe
bolsita de pera manzana y platano desde 4 meses ecologica gerber sin gluten y sin azucar anadido 90 g,90 g,1.77,19.666666666666668,gerber,bebe
ropa interior absorbente nina noche drynites 3 5 anos 16kg 23 kg 16 ud,16kg,12.55,0.784375,drynites,bebe
chupete de silicona fisiologico sx pro 6 18 meses suavinex 1 ud,x 1 ud,7.35,7.35,suavinex,bebe
bolsita de 4 frutas desde 4 meses nestle sin gluten y sin azucar anadido pack de 4 unidades de 90 g,pack de 4 unidades de 90 g,4.99,13.861111111111112,nestle,bebe
papilla infantil desde 6 meses 7 cereales ecologica smileat 200 g,200 g,4.55,22.749999999999996,smileat,bebe
leche infantil de crecimiento desde los 12 meses en polvo nestle nan supreme pro 3 lata 800 g,lata 800 g,25.5,31.875,Desconocida,bebe
leche infantil de continuacion desde 6 meses en polvo nestle nativa 2 pack de 2 unidades de 600 g,pack de 2 unidades de 600 g,17.29,14.408333333333333,nativa,bebe
papilla infantil desde 6 meses multicereales ecologico almiron sin aceite de palma 200 g,200 g,4.79,23.95,almiron,bebe
tarrito de frutas variadas desde 4 meses hero baby sin gluten pack de 2 unidades de 120 g,pack de 2 unidades de 120 g,2.15,8.958333333333334,hero,bebe
tarrito de brocoli y guisantes con pavo desde 6 meses ecologico gerber sin gluten 190 g,190 g,2.65,13.94736842105263,gerber,bebe
tarrito de zanahoria y tomate con pavo desde 6 meses ecologico gerber sin gluten 190 g ,190 g,2.65,13.94736842105263,gerber,bebe
preparado lacteo infantil de crecimiento desde 24 meses en polvo nestle nidina 4 lata 800 g,lata 800 g,16.69,20.8625,nidina,bebe
preparado lacteo infantil de crecimiento desde los 12 meses en polvo almiron advance 3 sin aceite de palma 1200 g,1200 g,26.0,21.666666666666668,almiron,bebe
panales carrefour baby 0 talla 4 7 18 kg 28 ud,18 kg,9.09,0.505,carrefour baby,bebe
papilla infantil desde 6 meses 8 cereales sin azucar anadido nutriben sin aceite de palma 1 kg,1 kg,8.55,8.55,nutriben,bebe
champu de romero para cabello fino ecologico urtekram 500 ml,500 ml,15.95,31.9,urtekram,bebe
gel champu baby denenes 400 ml,400 ml,5.95,14.875,denenes naturals,bebe
tarrito de manzana platano y naranja desde 4 meses ecologico natube sin gluten 220 g,220 g,2.55,11.59090909090909,natube,bebe
preparado lacteo infantil de crecimiento desde 2 anos en polvo almiron advance 4 sin aceite de palma lata 800 g,lata 800 g,17.29,21.612499999999997,almiron,bebe
preparado lacteo de crecimiento 3 desde 12 meses nutriben crecimiento pro  sin aceite de palma lata 800 g,lata 800 g,18.35,22.9375,nutriben,bebe
banador panal desechable huggies little swimmers t5 6 12 kg 18 kg 19 ud,12 kg,12.99,1.0825,huggies,bebe
leche de formula anti colico y anti estrenimiento desde los 6 meses en polvo almiron advance digest 2 lata 800 g,lata 800 g,30.5,38.125,almiron,bebe
pasta con salmon salvaje y salsa de hierbas aromaticas ecologico hipp 250 g,250 g,5.39,21.56,hipp,bebe
leche infantil para lactantes desde el primer dia en polvo almiron advance 1 sin aceite de palma lata 400 g,lata 400 g,13.65,34.125,almiron,bebe
banador panal desechable huggies little swimmers t3 4 7 kg 15 kg 20 ud,7 kg,12.99,1.8557142857142856,huggies,bebe
papilla infantil desde 6 meses hero 8 cereales miel sin azucar anadido 550 g,550 g,5.65,10.272727272727273,hero,bebe
papilla infantil desde 4 meses cereales ecologica almiron sin gluten sin aceite de palma 200 g,200 g,4.79,23.95,almiron,bebe
biberon con tetina silicona fisiologica sx pro flujo medio 3 meses suavinex 270 ml,x 270,10.79,0.03996296296296296,suavinex,bebe
infusion infantil blevit digest 150 gr,150 gr,10.65,71.0,blevit,bebe
preparado lacteo infantil de crecimiento desde 1 ano en polvo sin azucares anadidos nutriben innova 3 sin aceite de palma lata 800 g,lata 800 g,24.3,30.375,nutriben,bebe
tarrito de verduras con arroz desde 6 meses ecologico natube sin gluten 220 g,220 g,2.55,11.59090909090909,natube,bebe
panales carrefour baby 0 talla 3 4 9 kg 31 ud,9 kg,9.09,1.01,carrefour baby,bebe
infusion instantanea blevit noches felices 150 g,150 g,10.65,71.0,blevit,bebe
leche infantil de crecimiento desde los 24 meses en polvo nestle nan optipro 4 lata 800 g,lata 800 g,19.49,24.362499999999997,Desconocida,bebe
toallitas pure aqua dodot 288 ud,288 ud,21.0,0.07291666666666667,dodot,bebe
pants soft  eco friendly ecologico my carrefour baby t5 12 18 kg 18 ud,18 kg,8.09,0.4494444444444444,carrefour baby,bebe
panales sensitive dodot t2 4 8 kg 174 ud,8 kg,58.4,7.3,dodot sensitive,bebe
tarrito de manzana y pera desde 4 meses ecologico natube sin gluten 220 g,220 g,2.55,11.59090909090909,natube,bebe
leche de formula anti regurgitacion desde los 6 meses en polvo almiron advance ar 2 lata 800 g,lata 800 g,26.8,33.5,almiron,bebe
bolsita de pera manzana y platano desde 4 meses ecologico gerber sin gluten y sin azucar anadido pack 4 unidades 90 g,pack 4 unidades,6.05,1.5125,gerber,bebe
leche infantil desde 1 dia en polvo nutriben confort sin aceite de palma lata 800 g,lata 800 g,29.1,36.375,nutriben,bebe
papilla infantil desde los 5 6 meses multicereales fos damira sin lactosa 600 g,600 g,9.25,15.416666666666668,damira,bebe
snack infantiles primeros mordisquitos platano desde 10 meses ecologico gerbe sin azucares anadidos 28 g,28 g,2.79,99.64285714285714,gerber,bebe
chupete fusion con tetina fisiologica de silicona  2 4 meses suavinex 2 ud,x 2 ud,6.75,3.375,suavinex,bebe
complemento alimenticio desde 12 meses sabor fresa pediasure 850 g,850 g,33.9,39.88235294117647,pediasure,bebe
chupete con tetina anatomica sx pro de silicona 0 6 meses suavinex 2 ud,x 2 ud,7.79,3.895,suavinex,bebe
leche infantil para lactantes en polvo ecologico bio combiotik hipp sin gluten lata 800 g,lata 800 g,28.1,35.125,hipp,bebe
champu recien nacido mustela 150 ml,150 ml,9.49,63.26666666666667,mustela,bebe
gel suave sin jabon bebe instituto espanol 500 ml,500 ml,5.75,11.5,instituto espanol,bebe
chupete con tetina fisiologica sx pro de silicona 0 6 meses suavinex 2 ud,x 2 ud,9.05,4.525,suavinex,bebe
envase aseptico para orina heces o esputos enfa 1 ud,1 ud,0.85,0.85,presteril,bebe
muesli infantil desde 12 meses 7 cereales sin azucar anadido ecologico hipp biologico mi primer desayuno 200 g,200 g,5.95,29.75,hipp,bebe
bao espleti baby sebam1000,1 paquete,17.89,17.89,sebamed baby,bebe
panales activity dodot t5 12 17kg 126 ud ,17kg,57.6,3.388235294117647,dodot activity,bebe
colonia para bebe sin alcohol perfuma y refresca mustela 200 ml,200 ml,9.39,46.95,mustela,bebe
papilla infantil desde 4 meses cereales nutriben innova zero sin gluten 500 g,500 g,7.75,15.5,nutriben,bebe
mordedor refrigerante 4m etapa 2,1 paquete,5.99,5.99,suavinex,bebe
tetina fisiologicas sx pro de silicona de flujo denso 6m suavinex 2 ud,x 2 ud,8.89,4.445,suavinex,bebe
snack de maiz nestle happy puffs sin azucar anadido 28 g,28 g,1.8,64.28571428571429,nestle,bebe
panales dodot sensitive t4 10 15 kg 96 ud,15 kg,52.7,3.5133333333333336,dodot sensitive extra,bebe
chupete con tetina fisiologica sx pro de silicona 6 18 meses suavinex 2 ud,x 2 ud,8.85,4.425,suavinex,bebe
papilla infantil 1 mes gerber arroz avena y manzana sin gluten y sin azucar anadido 250 g,250 g,5.19,20.76,gerber,bebe
papilla infantil desde 6 meses multicereales gerber sin azucar anadido 270 g,270 g,4.79,17.74074074074074,gerber,bebe
leche infantil de continuacion blemil plus 2 forte lata 800 g,lata 800 g,21.5,26.875,blemil,bebe
panales sensitive dodot t1 2 5 kg 168 ud,5 kg,57.8,11.559999999999999,dodot sensitive,bebe
bolsas de almacenamiento de leche materna medela 25 ud,25 ud,10.59,0.4236,medela,bebe
panales extra care huggies t2 3 6 kg 82 ud,6 kg,26.9,4.483333333333333,huggies,bebe
discos de lactancia chicco 60 ud,60 ud,9.25,0.15416666666666667,chicco,bebe
papilla infantil desde 6 meses 10 cereales con un toque de miel galletas maria nutriben sin aceite de palma 600 g,600 g,5.95,9.916666666666668,nutriben,bebe
canastilla mustela colonia 200 ml gel champu 200 ml leche corporal 300 ml crema balsamo 50 ml y toallitas 70 ud,200 ml,39.6,198.0,mustela,bebe
leche infantl antiregurgitacion desde el primer dia blemil plus 800 g,800 g,29.3,36.625,blemil,bebe
pants soft  eco friendly ecologico my carrefour baby t4 8 15 kg 20 ud,15 kg,8.09,0.5393333333333333,carrefour baby,bebe
dosificador para leche en polvo y cereales suavinex 1 ud,x 1 ud,7.89,7.89,suavinex,bebe
pants agatha ruiz de la prada talla 6  16 kg 36 ud exclusivo carrefour,16 kg,14.45,0.903125,carrefour,bebe
desenredante sin aclarado nelly kids 200 ml,200 ml,4.25,21.25,nelly,bebe
panales extra care huggies t4 8 16 kg 60 ud,16 kg,28.0,1.75,huggies,bebe
locion mustela 750 ml,750 ml,15.75,21.0,mustela,bebe
locion hidratante cara y cuerpo 97 natural carrefour baby 750 ml,750 ml,4.95,6.6000000000000005,carrefour baby,bebe
papilla infantil desde 6 meses gerber multicereales sin azucar anadido 510 g,510 g,7.99,15.666666666666666,gerber,bebe
panales dodot sensitive t5 12 17 kg 88 ud,17 kg,52.7,3.1,dodot sensitive extra,bebe
panales agatha ruiz de la prada ultra dry talla 6 16 kg 70 ud exclusivo carrefour,16 kg,22.0,1.375,carrefour,bebe
leche infantil desde 1 dia en polvo nutriben ar sin aceite de palma lata 800 g,lata 800 g,27.2,34.0,nutriben,bebe
papilla infantil desde 6 meses multicereal frutas gerber sin azucar anadido 270 g,270 g,4.79,17.74074074074074,gerber,bebe
papilla infantil desde 6 meses 8 cereales galletas maria nutriben sin aceite de palma 600 g,600 g,6.29,10.483333333333334,nutriben,bebe
leche infantil para lactantes en polvo ar nidina 1 lata 800 g,lata 800 g,23.9,29.874999999999996,nidina,bebe
panales dodot activity t6 13 kg 117 ud,13 kg,65.0,5.0,dodot activity,bebe
leche infantil de continuacion desde 6 meses en polvo nestle nidina 2 pack de 2 unidades de 600 g,pack de 2 unidades de 600 g,25.4,21.166666666666668,nestle,bebe
discos de lactancia suavinex 60 ud,x 60 ud,11.19,0.1865,suavinex,bebe
panales extra care huggies t3 6 10 kg 72 ud,10 kg,28.0,2.8,huggies,bebe
leche infantil de continuacion desde 6 meses en polvo damira natur 2 sin aceite de palma lata 800 g,lata 800 g,24.0,30.0,damira,bebe
panales dodot activity t6 14 19 kg 117 ud,19 kg,57.6,3.031578947368421,dodot activity,bebe
set higiene bebe chicco natural sensation gel  champu 200 ml crema corporal 150 ml y agua perfumada 100 ml,200 ml,20.1,100.5,chicco,bebe
tarrito de pera platano y zanahoria desde 4 meses ecologico hero solo sin gluten pack de 6 unidades de 120 g,pack de 6 unidades de 120 g,9.69,13.458333333333334,hero solo,bebe
crema facial de calendula weleda 50 ml,50 ml,8.95,178.99999999999997,weleda,bebe
papilla infantil desde 6 meses 8 cereales nutriben innova zero 500 g,500 g,7.75,15.5,nutriben,bebe
infusion infantil blevit laxante 150 gr,150 gr,10.65,71.0,blevit,bebe
preparado lacteo infantil de crecimiento desde 1 ano blemil plus 3 lata 800 g,lata 800 g,17.45,21.812499999999996,blemil,bebe
neceser nenuco elefante gel de ducha 200 ml y agua de colonia 200 ml,200 ml,9.95,49.74999999999999,nenuco,bebe
bolsita de manzana y fresa goodies sin azucar pack 4 unidades 100 g,pack 4 unidades,5.19,1.2975,hero goodies,bebe
leche infantil de crecimiento desde 12 meses nestle nidina 3 sin aceite de palma pack de 2 latas de 800 g,pack de 2 latas de 800 g,32.7,20.4375,nidina,bebe
cuchara infantil para bebes 6 meses suavinex 2 ud,x 2 ud,3.75,1.875,suavinex,bebe
bolsita de manzana platano y melocoton goodies pack 4 unidades 100 g,pack 4 unidades,5.19,1.2975,hero goodies,bebe
papilla infantil desde 6 meses gerber multicereales galleta sin azucar anadido 510 g,510 g,7.99,15.666666666666666,gerber,bebe
tetina fisiologicas sx pro de silicona de flujo medio 3m suavinex 2 ud,x 2 ud,9.19,4.595,suavinex,bebe
panales sensitive dodot t3 6 10 kg 148 ud,10 kg,61.5,6.15,dodot sensitive,bebe
panales extra care huggies t5 11 25 kg 50 ud,25 kg,28.0,1.12,huggies,bebe
crema balsamica para proteger la zona del panal sebamed 300 ml,300 ml,14.65,48.833333333333336,sebamed baby,bebe
panales agatha ruiz de la prada ultra dry talla 5 12 20 kg 84 ud exclusivo carrefour,20 kg,22.0,1.1,carrefour,bebe
leche infantil para lactantes desde el primer dia damira natur 1 lata 800 g,lata 800 g,25.6,32.0,damira,bebe
gel de bano delicado para bebe natural sensation 0m chicco 500 ml,500 ml,10.99,21.98,chicco,bebe
chupete con tetina anatomica sx pro de silicona 6 18 meses suavinex 2 ud,x 2 ud,7.85,3.925,suavinex,bebe
chupete con tetina anatomica sx pro de silicona 18 meses suavinex 2 ud,x 2 ud,7.45,3.725,suavinex,bebe
leche infantil desde 1 dia en polvo nutriben sin lactosa 1 sin aceite de palma lata 400 g,lata 400 g,16.39,40.975,nutriben,bebe
biberon anticolicos 2 meses tetina inclinada de silicona naturalfeeling chicco 250 ml,250 ml,7.09,28.36,chicco,bebe
panales agatha ruiz de la prada ultra dry talla 4 8 16 kg 92 ud exclusivo carrefour,16 kg,22.0,1.375,carrefour,bebe
biberon de cristal anticolicos 0 meses tetina inclinada de silicona naturalfeeling chicco 250 ml,250 ml,14.99,59.96,chicco,bebe
leche infantil de continuacion desde 6 meses danone bledina 2 sin azucar anadido lata 800 g,lata 800 g,18.85,23.5625,bledina,bebe
leche infantil para lactantes en polvo danone bledina 1 lata 800 g,lata 800 g,15.85,19.8125,bledina,bebe
leche infantil de continuacion desde los 6 meses en polvo nestle nidina 2 lata 800 g,lata 800 g,17.95,22.437499999999996,nidina,bebe
tarrito de frutas variadas desde 4 meses hero baby sin gluten 190 g,190 g,1.47,7.7368421052631575,hero,bebe
algodon bebe sensitive carrefour baby 100 ud,100 ud,1.99,0.0199,carrefour baby,bebe
panales carrefour baby ultra dry talla 5 12 20 kg 136 ud,20 kg,24.4,1.22,carrefour baby ultra dry,bebe
bolsita de fresa y platano desde 6 meses ecologico smileat sin gluten 100 g,100 g,1.81,18.099999999999998,smileat,bebe
panales dodot sensitive t2 4 8 kg 88 unidades,8 kg,32.1,4.0125,dodot sensitive,bebe
tarrito de verduras con ternera y jamon desde 6 meses hero solo sin gluten 235 g,235 g,1.75,7.446808510638299,hero,bebe
panales carrefour baby ultra dry talla 4 7 18 kg 144 uds,18 kg,21.9,1.2166666666666666,carrefour baby ultra dry,bebe
preparado lacteo infantil de crecimiento desde 12 meses nestle nativa 3 sin azucar anadido brik 1 l,brik 1 l,2.29,2.29,nativa,bebe
bolsita de multifrutas con galleta desde 6 meses hero baby 100 g,100 g,1.14,11.399999999999999,hero,bebe
gel de bano dulces suenos johnsons baby 750 ml,750 ml,4.45,5.933333333333334,johnsons baby,bebe
postre lacteo de fresa y manzana desde 6 meses nestle yogolino sin gluten y sin azucar anadido 100 g,100 g,1.3,13.0,yogolino,bebe
galleta de espelta y fruta ecologica smileat sin azucar anadido 220 g,220 g,4.55,20.68181818181818,smileat,bebe
tarrito de crema bechamel con lenguado desde 6 meses hero baby sin gluten 235 g,235 g,1.75,7.446808510638299,hero,bebe
pants optima adsorption my carrefour baby t6 16 kg 36 ud,16 kg,9.39,0.586875,carrefour baby,bebe
snack de zanahoria y maiz desde 10 meses ecologico hero solo sin gluten 40 g,40 g,2.79,69.75,hero solo,bebe
tarrito de suprema de merluza con arroz desde 6 meses nutriben potitos sin gluten 235 g,235 g,1.84,7.829787234042554,nutriben,bebe
panales dodot bebe seco xxl t5 11 16 kg 152 ud,16 kg,55.9,3.49375,dodot bebe seco,bebe
preparado lacteo infantil con triptofano desde 12 meses puleva peques sin gluten sin lactosa y sin azucar anadido brik 1 l,brik 1 l,1.99,1.99,puleva,bebe
panales carrefour baby softprotect talla 1 2 5 kg 26 ud,5 kg,5.75,1.15,carrefour baby soft  protect,bebe
limpiador biberones frosch baby 500 ml,500 ml,4.29,8.58,frosch,bebe
bolsita de bebida de avena fresa manzana platano y zanahoria morada ecologica my carrefour baby bio sin azucar anadido 100 g,100 g,0.99,9.899999999999999,carrefour,bebe
panales carrefour my baby ultra dry talla 6 16 kg 70 ud,16 kg,18.45,1.153125,carrefour baby,bebe
bolsita de frutas variadas desde 6 meses ecologico smileat sin gluten 100 g,100 g,1.81,18.099999999999998,smileat,bebe
biberon de vidrio tetina de silicona 0m natural response philips avent 120 ml,120 ml,13.15,109.58333333333334,philips avent,bebe
crema reafirmante post parto trofolastin 200 ml,200 ml,27.8,139.0,carreras,bebe
leche infantil de crecimiento desde 1 ano a base de proteina de soja velactin sin lactosa 800 g,800 g,16.15,20.187499999999996,velactin,bebe
extractor de leche electrico simple medela 1 ud,1 ud,135.0,135.0,medela,bebe
parches de hidrogel medela 4 ud,4 ud,15.65,3.9125,medela,bebe
pants huggies t6 15 25 kg 27 ud,25 kg,10.75,0.43,huggies,bebe
panales dodot sensitive t2 4 8 kg 80 ud,8 kg,28.0,3.5,dodot sensitive,bebe
tarrito de verduras con ternera y arroz desde 10 meses hero baby sin gluten pack de 2 unidades de 235 g,pack de 2 unidades de 235 g,4.09,8.702127659574469,hero,bebe
ropa interior absorbente nino noche drynites 8 15 anos 27 57 kg 13 ud,57 kg,12.55,0.22017543859649125,drynites,bebe
jabon liquido ultra suave con aloe vera para cuerpo y cabello nenuco 1100 ml,1100 ml,5.29,4.809090909090909,nenuco,bebe
tarrito de lentejas con verduras desde 8 meses recetas caseras hero baby sin gluten pack de 2 unidades de 190 g,pack de 2 unidades de 190 g,2.95,7.7631578947368425,hero,bebe
panales dodot sensitive t1 2 5 kg 58 ud,5 kg,20.9,4.18,dodot sensitive,bebe
panales dodot sensitive t4 10 15 kg 96 ud,15 kg,31.2,2.08,dodot,bebe
leche infantil para lactantes desde el primer dia en polvo nutriben innova toprotein 1 sin aceite de palma lata 800 g,lata 800 g,29.6,37.0,nutriben,bebe
tarrito de crema de verduras desde 6 meses hero solo sin gluten 190 g,190 g,1.62,8.526315789473685,hero solo,bebe
pants dodot t6 14 19 kg 54 ud,19 kg,26.1,1.3736842105263158,dodot bebe seco,bebe
jabon para bano con leche de almendras dulces para cuerpo y cabello nenuco 650 ml,650 ml,4.19,6.446153846153846,nenuco,bebe
crema corporal hydra bebe mustela 750 ml,750 ml,15.09,20.12,mustela,bebe
ropa interior absorbente nino noche carrefour soft 4 7 anos 17kg 30 kg 15 ud,17kg,9.99,0.5876470588235294,carrefour baby,bebe
pants dodot t7 17 kg 44 ud,17 kg,26.1,1.535294117647059,dodot bebe seco,bebe
papilla infantil desde 6 meses hero 8 cereales galleta sin azucar anadido 550 g,550 g,5.65,10.272727272727273,hero,bebe
ropa interior absorbente nino noche carrefour soft 8 15 anos 27kg 57 kg 12 ud,27kg,9.79,0.3625925925925926,carrefour baby,bebe
bolsita de platano y manzana desde 4 meses nestle sin gluten y sin azucar anadido pack de 4 unidades de 90 g,pack de 4 unidades de 90 g,4.99,13.861111111111112,nestle,bebe
pants my carrefour baby t7 18 kg 16 ud,18 kg,13.55,0.7527777777777778,carrefour baby,bebe
leche de formula anti regurgitacion a partir del primer dia en polvo almiron advance ar 1 lata 800 g,lata 800 g,29.6,37.0,almiron,bebe
banador panal agatha ruiz de la prada tm 12 kg 11 ud,12 kg,4.99,0.41583333333333333,carrefour,bebe
banador panal agatha ruiz de la prada ts 7 kg 13 kg 12 ud,7 kg,5.59,0.7985714285714286,carrefour,bebe
panales banador carrefour baby talla 5 12 kg 11 uds,12 kg,4.95,0.41250000000000003,carrefour baby,bebe
panales banador carrefour baby small talla 4 7 13 kg 12 uds,13 kg,4.95,0.3807692307692308,carrefour baby,bebe
detergente para biberones y tetinas suavinex 500 ml,x 500,6.39,0.01278,suavinex,bebe
tarrito de pera y manzana desde 4 meses ecologico hero solo sin gluten pack de 6 unidades de 120 g,pack de 6 unidades de 120 g,9.69,13.458333333333334,hero solo,bebe
pants dodot t4 9 15 kg 62 ud,15 kg,26.1,1.74,dodot bebe seco,bebe
leche infantil desde 12 meses enfamil 3 premium 800 gr,800 gr,22.3,27.875,enfamil,bebe
lechcorpbabsebamed 750ml,750ml,19.55,26.066666666666666,sebamed baby,bebe
banador panal desechable huggies little swimmers t2 3 3 kg 8 kg 20 ud,3 kg,12.99,4.33,huggies,bebe
chupete de silicona anatomico ultra air nighttimenuit philips avent 2 ud,2 ud,8.79,4.395,philips avent,bebe
chupete de silicona anatomico ultra air philips avent 2 ud,2 ud,7.69,3.845,philips avent,bebe
chupete de silicona anatomico ultra air nighttime philips avent 2 ud,2 ud,8.79,4.395,philips avent,bebe
chupete de silicona anatomico ultra air philips avent 2 ud,2 ud,7.69,3.845,philips avent,bebe
chupete de silicona anatomico ultra air nighttime philips avent 2 ud,2 ud,10.45,5.225,philips avent,bebe
chupete de silicona anatomico ultra air nighttime philips avent 2 ud,2 ud,8.79,4.395,philips avent,bebe
chupete de silicona anatomico ultra air nighttime philips avent 2 ud,2 ud,9.89,4.945,philips avent,bebe
chupete de silicona anatomico ultra air philips avent 2 ud,2 ud,7.69,3.845,philips avent,bebe
chupete de silicona anatomico ultra air nighttime philips avent 2 ud,2 ud,9.89,4.945,philips avent,bebe
pants huggies t4 9 14 kg 36 ud,14 kg,14.25,1.0178571428571428,huggies,bebe
pants ultra comfort huggies t6 1525 kg 108 ud,1525 kg,39.2,0.025704918032786888,huggies,bebe
pants huggies t5 12 17 kg 32 ud,17 kg,12.65,0.7441176470588236,huggies,bebe
panales dodot activity t3 6 10 kg 224 ud,10 kg,83.82,8.382,dodot activity,bebe
panales extra care huggies t1 2 5 kg  84 ud,5 kg,21.4,4.279999999999999,huggies,bebe
panales huggies ultra comfort t5 11 25 kg 42 ud,25 kg,11.89,0.4756,huggies,bebe
chupete de silicona anatomico ultra start philips avent 2 ud,2 ud,9.89,4.945,philips avent,bebe
chupete de silicona anatomico ultra start philips avent 2 ud,2 ud,9.89,4.945,philips avent,bebe
panales dodot sensitive t4 9 14 kg 70 ud,14 kg,34.0,2.4285714285714284,dodot sensitive,bebe
tarrito de espagueti bolonesa desde 8 meses ecologico carrefour baby bio 200 g,200 g,1.54,7.7,carrefour bio,bebe
leche infantil de crecimiento de 12 a 36 meses con cereales nestle nativa crecimiento 3 sin azucar anadido brik 1 l,brik 1 l,2.29,2.29,nativa,bebe
bolsita de yogur de frambuesa desde 9 meses ecologico smileat sin gluten y sin azucar anadido 100 g,100 g,1.81,18.099999999999998,smileat,bebe
panales dodot bebe seco xxl t4 9 14 kg 164 ud,14 kg,53.9,3.85,dodot bebe seco,bebe
bolsita de fruta tropical hero mi fruta sin gluten 100 g,100 g,1.14,11.399999999999999,hero,bebe
galletas infantiles ecologico hero solo 160 g,160 g,3.15,19.6875,hero,bebe
tarrito de manzana fresa y arandanos desde 4 meses ecologico hero solo sin gluten 120 g ,120 g,1.3,10.833333333333334,hero solo,bebe
panales dodot sensitive t1 2 5 kg 90 ud,5 kg,27.3,5.46,dodot sensitive,bebe
tarrito de pavo con verduras desde 6 meses ecologico smileat sin gluten 230 g,230 g,2.59,11.26086956521739,smileat,bebe
toallitas de bebe dodot sensitive 54 ud,54 ud,3.15,0.058333333333333334,dodot sensitive,bebe
bosita de fresa y platano desde 6 meses danone bledina sin gluten y sin azucar anadido 100 g,100 g,1.25,12.5,bledina,bebe
papilla infantil desde 6 meses galleta maria liquida nestle pack de 2 unidades de 250 ml,pack de 2 unidades de 250 ml,2.65,5.3,nestle,bebe
bosita de manzana pera platano y albaricoque desde 6 meses danone bledina sin gluten y sin azucar anadido 100 g,100 g,1.25,12.5,bledina,bebe
tarrito de ternera con verduras desde 6 meses ecologico smileat sin gluten 230 g,230 g,2.59,11.26086956521739,smileat,bebe
panales dodot sensitive t3 6 10 kg 78 ud,10 kg,32.1,3.21,dodot sensitive,bebe
bolsita de manzana pina platano y bebida de coco ecologica my carrefour baby bio sin azucar anadido 100 g,100 g,0.99,9.899999999999999,carrefour,bebe
postre lacteo de platano desde 6 meses nestle yogolino sin aceite de palma pack de 4 unidades de 100 g,pack de 4 unidades de 100 g,2.95,7.375,yogolino,bebe
pants my carrefour baby t5 12 18 kg 40 ud,18 kg,9.39,0.5216666666666667,carrefour baby,bebe
tarrito de pera platano y zanahoria desde 4 meses ecologico hero solo sin gluten 120 g,120 g,1.3,10.833333333333334,hero solo,bebe
bolsita de yogur manzana y fresa desde 6 meses hero solo sin gluten y sin azucar anadido 100 g,100 g,1.14,11.399999999999999,hero,bebe
postre lacteo fresa desde 8 meses nestle yogolino sin gluten pack de 4 unidades de 100 g,pack de 4 unidades de 100 g,2.95,7.375,yogolino,bebe
bolsita de manzana y platano desde 4 meses hero solo sin gluten y sin azucares anadidos 100 g,100 g,1.14,11.399999999999999,hero,bebe
toallitas para bebe dodot 384 ud,384 ud,8.75,0.022786458333333332,dodot,bebe
preparado lacteo infantil de crecimiento desde 12 meses sabor galleta maria nestle nativa 3 brik 1 l,brik 1 l,2.29,2.29,nativa,bebe
bolsita de manzana platano y avena desde 6 meses nestle sin azucar anadido 90 g,90 g,1.2,13.333333333333334,nestle,bebe
champu johnsons baby 500 ml,500 ml,4.85,9.7,johnsons baby,bebe
preparado de manzana y platano sin azucar anadido desde 6 meses ecologico my carrefour baby bio sin gluten pack de 4 de bolsitas de 100 g,100 g,2.55,25.499999999999996,carrefour bio,bebe
postre lacteo de pera desde 6 meses nestle yogolino sin gluten pack de 4 unidades de 100 g,pack de 4 unidades de 100 g,2.95,7.375,yogolino,bebe
toallitas de bebe dodot sensitive pack de 4 paquetes de 54 ud,pack de 4 paquetes de 54 ud,10.69,0.04949074074074074,dodot sensitive,bebe
postre lacteo fresa y platano desde 6 meses nestle yogolino sin gluten y sin azucar anadido pack de 4 unidades de 100 g,pack de 4 unidades de 100 g,3.19,7.975,yogolino,bebe
bolsita de aguacate y arandanos desde 6 meses ecologico smileat sin gluten 100 g,100 g,1.81,18.099999999999998,smileat,bebe
bolsita de platano y manzana desde 4 meses nestle sin gluten y sin azucar anadido 90 g,90 g,1.4,15.555555555555555,nestle,bebe
champu clasico para pelo suave brillante e hidratado johnsons baby 750 ml,750 ml,5.09,6.786666666666666,johnsons,bebe
tarrito de 3 frutas desde 4 meses hero baby sin gluten 190 g,190 g,1.47,7.7368421052631575,hero,bebe
tarrito de frutas variadas desde 6 meses nutriben potitos sin gluten sin azucar anadido 235 g,235 g,1.84,7.829787234042554,nutriben,bebe
bolsita de platano fresa y manzana hero solo sin gluten y sin azucar anadido pack 4 unidades de 100 g,pack 4 unidades de 100 g,4.39,1.0975,hero,bebe
champu infantil amalfi 750 ml,750 ml,1.08,1.4400000000000002,amalfi,bebe
protector absorbente maxi 60x90 cm sabanindas extra 20 ud,60x90,13.55,0.15055555555555555,sabanindas,bebe
suero fisiologico my carrefour baby pack de 40 unidades de 5 ml,pack de 40 unidades de 5 ml,4.3,21.499999999999996,carrefour baby,bebe
panales dodot sensitive recien nacido talla 0  15 25 kg 24 uds,25 kg,9.25,0.37,dodot sensitive,bebe
panales carrefour baby softprotect talla 2 3 6 kg 60 ud,6 kg,10.19,1.6983333333333333,carrefour baby soft  protect,bebe
postre lacteo natural desde 6 meses nestle yogolino sin gluten pack de 4 unidades de 100 g,pack de 4 unidades de 100 g,2.95,7.375,yogolino,bebe
tarrito de guisantes tiernos con jamon desde 6 meses hero solo sin gluten 235 g,235 g,1.75,7.446808510638299,hero,bebe
bolsita de 4 frutas desde 4 meses nestle sin gluten y sin azucar anadido 90 g,90 g,1.4,15.555555555555555,nestle,bebe
bosita de manzana y platano desde 6 meses danone bledina sin gluten y sin azucar anadido 100 g,100 g,1.25,12.5,bledina,bebe
galletas de espelta avena y cacao desde 10 meses ecologicas smileat sin azucar anadido 220 g,220 g,4.55,20.68181818181818,smileat,bebe
crema cuidado culito hipoalergenico carrefour my baby 100 ml ,100 ml,2.75,27.5,carrefour baby,bebe
cerveza budweiser lager lata 33 cl,lata 33 cl,0.92,2.787878787878788,budweiser,bebidas
cerveza mahou clasica lata 50 cl,lata 50 cl,1.24,2.48,mahou,bebidas
cerveza carrefour holandesa lata 33 cl,lata 33 cl,0.31,0.9393939393939393,carrefour,bebidas
agua mineral bezoya 15 l,15 l,0.69,0.046,bezoya,bebidas
agua mineral fuente primavera 15 l,15 l,0.25,0.016666666666666666,carrefour,bebidas
agua mineral font vella 15 l,15 l,0.75,0.05,font vella,bebidas
cerveza mahou clasica botella 1 l,botella 1 l,1.82,1.82,mahou,bebidas
cerveza rubia clasica carrefour lata 33 cl,lata 33 cl,0.39,1.1818181818181819,carrefour,bebidas
cerveza koenigsbier lata 33 cl,lata 33 cl,0.3,0.9090909090909091,koenigsbier,bebidas
cerveza corona botella 355 cl ,botella 355 cl,1.5,0.4225352112676057,coronita,bebidas
agua mineral solan de cabras natural 15 l,15 l,0.92,0.06133333333333334,solan de cabras,bebidas
agua mineral font vella natural 2 l,2 l,0.99,0.495,font vella,bebidas
agua mineral lanjaron 15 l,15 l,0.71,0.04733333333333333,lanjaron,bebidas
cerveza mahou 5 estrellas especial lata 50 cl,lata 50 cl,1.15,2.3,mahou,bebidas
cerveza desperados original botella 33 cl,botella 33 cl,1.36,4.121212121212121,desperados,bebidas
tonica schweppes lata 33 cl,lata 33 cl,0.96,2.9090909090909087,schweppes,bebidas
agua mineral font vella 50 cl,50 cl,0.69,1.38,font vella,bebidas
agua mineral carrefour 50 cl,50 cl,0.29,0.58,carrefour,bebidas
agua mineral carrefour 15 l,15 l,0.39,0.026000000000000002,carrefour,bebidas
cola carrefour classic lata 33 cl,lata 33 cl,0.33,1.0,carrefour,bebidas
cola carrefour classic zero lata 33 cl,lata 33 cl,0.33,1.0,carrefour,bebidas
agua mineral natural nestle aquarel 15 l,15 l,0.62,0.04133333333333333,aquarel,bebidas
cerveza 00 alcohol carrefour lata 33 cl,lata 33 cl,0.36,1.0909090909090908,carrefour,bebidas
agua mineral con gas carrefour 125 l,125 l,0.36,0.0028799999999999997,carrefour,bebidas
cerveza san miguel especial pack de 12 latas de 33 cl ,pack de 12 latas de 33 cl,8.64,2.181818181818182,san miguel,bebidas
refresco de naranja revoltosa 2 l,2 l,0.71,0.355,revoltosa,bebidas
agua mineral lanjaron natural 33 cl,33 cl,0.59,1.7878787878787876,lanjaron,bebidas
zumo florida sunny delight botella 33 cl,botella 33 cl,0.93,2.8181818181818183,sunny delight,bebidas
tinto de verano con limon la casera lata 33 cl,lata 33 cl,0.99,3.0,la casera,bebidas
zumo de naranja carrefour brik 1 l,brik 1 l,1.75,1.75,carrefour,bebidas
cola classic carrefour zero sin cafeina botella 2 l,botella 2 l,0.75,0.375,carrefour,bebidas
fuze tea te sabor limon botella 500 ml,botella 500 ml,1.62,3.24,fuze tea,bebidas
fuze tea te verde sabor maracuya botella 15 l,botella 15 l,2.15,0.14333333333333334,fuze tea,bebidas
zumo de naranja carrefour extra exprimido con pulpa brik 1 l,brik 1 l,1.75,1.75,carrefour,bebidas
nectar de naranja carrefour brik 1 l,brik 1 l,0.92,0.92,carrefour,bebidas
cerveza el aguila sin filtrar botella 33 cl,botella 33 cl,0.89,2.696969696969697,el aguila,bebidas
red bull the summer edition bebida energetica sabor curuba lata 25 cl,lata 25 cl,1.8,7.2,red bull,bebidas
refresco de limon carrefour classic lata 33 cl,lata 33 cl,0.37,1.121212121212121,carrefour,bebidas
cerveza el aguila sin filtrar lata 33 cl,lata 33 cl,0.99,3.0,el aguila,bebidas
aquarius melocoton rojo botella 15 l,botella 15 l,2.19,0.146,aquarius,bebidas
coca cola sin cafeina lata 33 cl,lata 33 cl,0.92,2.787878787878788,coca cola scaf,bebidas
gaseosa la casera cero azucares y calorias lata 33 cl,lata 33 cl,0.6,1.8181818181818181,la casera,bebidas
trina de naranja sin gas lata 33 cl,lata 33 cl,0.69,2.090909090909091,trina,bebidas
agua mineral con gas fonter 50 cl,50 cl,0.86,1.72,fonter,bebidas
cerveza damm lemon con limon lata 33 cl,lata 33 cl,0.88,2.6666666666666665,damm,bebidas
aquarius melocoton rojo lata 33 cl,lata 33 cl,0.97,2.939393939393939,aquarius,bebidas
bebida tropical carrefour sin azucar anadido brik 1 l ,brik 1 l,0.9,0.9,carrefour,bebidas
nectar de melocoton y uva carrefour classic brik 1 l,brik 1 l,0.92,0.92,carrefour,bebidas
bitter kas sin alcohol lata 33 cl,lata 33 cl,0.99,3.0,bitter kas,bebidas
schweppes de limon zero lata 33 cl,lata 33 cl,0.97,2.939393939393939,schweppes,bebidas
cerveza alhambra tradicional pack 12 latas 33 cl,pack 12 latas,9.29,0.7741666666666666,alhambra,bebidas
tinto de verano con limon sin alcohol la casera lata 33 cl,lata 33 cl,0.99,3.0,la casera,bebidas
refresco sabor limon zero carrefour classic lata 33 cl,lata 33 cl,0.37,1.121212121212121,carrefour,bebidas
schweppes de limon lata 33 cl,lata 33 cl,0.97,2.939393939393939,schweppes,bebidas
zumo de naranja simon life botella 15 l,botella 15 l,1.7,0.11333333333333333,simon life,bebidas
cider ladron de manzanas lata 33 cl,lata 33 cl,1.61,4.878787878787879,ladron de manzanas,bebidas
carrefour sensation isofresh bebida isotonica blue botella 50 cl,botella 50 cl,0.7,1.4,carrefour,bebidas
zumo de manzana carrefour calssic brik 1 l,brik 1 l,0.8,0.8,carrefour,bebidas
agua mineral bezoya grifo 8 l,8 l,3.55,0.44375,bezoya,bebidas
ron barcelo anejo 70 cl,70 cl,15.45,22.071428571428573,barcelo,bebidas
cerveza paulaner weissbier botella 50 cl,botella 50 cl,1.9,3.8,paulaner,bebidas
nectar de pina carrefour classic brik 1 l,brik 1 l,0.99,0.99,carrefour,bebidas
7up de lima limon lata 33 cl,lata 33 cl,0.66,2.0,7up,bebidas
carrefour te de limon botella 15 l,botella 15 l,0.99,0.066,carrefour,bebidas
coca cola zero azucar pack 12 latas 33 cl,pack 12 latas,10.79,0.8991666666666666,coca cola zero,bebidas
nestea limon sin azucar botella 15 l,botella 15 l,2.09,0.13933333333333334,nestea,bebidas
cerveza tostada mahou 00 alcohol pack de 12 latas de 33 cl,pack de 12 latas de 33 cl,9.55,2.4116161616161618,mahou,bebidas
cerveza mahou clasica pack de 6 botellas de 25 cl,pack de 6 botellas de 25 cl,3.29,2.1933333333333334,mahou,bebidas
zumo florida sunny delight 125 l,125 l,1.79,0.014320000000000001,sunny delight,bebidas
aquarius sabor naranja zero azucar sin calorias botella 15 l,botella 15 l,1.99,0.13266666666666665,aquarius zero,bebidas
zumo de naranja recien exprimido carrefour 250 ml,250 ml,1.99,7.96,carrefour,bebidas
carrefour sensation isofresh bebida isotonica sabor limon botella 15 l,botella 15 l,0.99,0.066,carrefour,bebidas
coca cola pack 12 latas 33 cl,pack 12 latas,10.79,0.8991666666666666,coca cola,bebidas
cerveza voll damm lata 50 cl,lata 50 cl,1.62,3.24,voll damm,bebidas
agua mineral natural cabreiroa tapon deportivo 33 cl,33 cl,0.66,2.0,cabreiroa,bebidas
fanta de limon botella 50 cl,botella 50 cl,1.58,3.16,fanta limon,bebidas
tonica nordic mist lata 25 cl,lata 25 cl,0.73,2.92,nordic mist,bebidas
cerveza cruzcampo shandy con limon lata 33 cl,lata 33 cl,0.83,2.5151515151515147,sandhy,bebidas
pepsi zero azucar pack de 2 botellas de 175 cl,pack de 2 botellas de 175 cl,3.19,0.9114285714285714,pepsi zero,bebidas
red bull bebida energetica lata 473 cl,lata 473 cl,2.79,0.5898520084566595,red bull,bebidas
monster energy ultra peachy keen bebida energetica sin azucar lata 50 cl,lata 50 cl,1.79,3.58,monster ultra,bebidas
red bull bebida energetica coco y arandanos lata 25 cl,lata 25 cl,1.8,7.2,red bull editions,bebidas
agua mineral lanjaron 1 l,1 l,0.77,0.77,lanjaron,bebidas
monster energy absolutely zero bebida energetica sin azucar lata 50 cl,lata 50 cl,1.79,3.58,monster,bebidas
cerveza franziskaner weissbier botella 50 cl,botella 50 cl,1.56,3.12,franziskaner,bebidas
cerveza carrefour especial pack de 12 latas de 33 cl,pack de 12 latas de 33 cl,3.95,0.9974747474747475,carrefour,bebidas
bebida de fruta pina carrefour classic sin azucar anadido brik 1 l,brik 1 l,0.99,0.99,carrefour,bebidas
refresco sabor lima  limon zero carrefour classic lata 33 cl,lata 33 cl,0.37,1.121212121212121,carrefour,bebidas
vino tinto joven tempranillo carrefour vendimia seleccionada vt extremadura 1 l,1 l,0.99,0.99,carrefour,bebidas
red bull bebida energetica albaricoque y fresa lata 25 cl,lata 25 cl,1.8,7.2,red bull,bebidas
cerveza victoria de malaga pack 12 latas 33 cl,pack 12 latas,7.65,0.6375000000000001,victoria,bebidas
vino blanco verdejo estilete do rueda 75 cl,75 cl,2.19,2.92,estilete,bebidas
zumo tropical original bifrutas pack de 9 briks de 20 cl,pack de 9 briks de 20 cl,3.55,1.972222222222222,bifrutas,bebidas
cerveza el aguila sin filtrar 00 alcohol lata 33 cl,lata 33 cl,0.88,2.6666666666666665,el aguila,bebidas
pepsi zero azucar lima botella 175 cl,botella 175 cl,1.78,1.0171428571428571,pepsi zero,bebidas
red bull the sumer edition bebida energetica sabor baya de junio lata 25 cl,lata 25 cl,1.8,7.2,red bull,bebidas
tinto de verano con limon la casera botella 15 l,botella 15 l,2.35,0.15666666666666668,la casera,bebidas
agua mineral con gas perrier natural 50 cl,50 cl,1.17,2.34,perrier,bebidas
cerveza free damm lager 00 sin alcohol con limon sin gluten lata 33 cl,lata 33 cl,0.82,2.4848484848484844,damm,bebidas
tinto de verano ladron de verano con limon lata 33 cl,lata 33 cl,1.28,3.878787878787879,ladron de verano,bebidas
bebida de pina carrefour classic sin azucar pack de 6 briks de 20 cl,pack de 6 briks de 20 cl,1.5,1.25,carrefour,bebidas
red bull bebida energetica sandia lata 25 cl,lata 25 cl,1.8,7.2,red bull,bebidas
zumo de frutas y leche carrefour sabor mediterraneo pack de 6 briks de 20 cl,pack de 6 briks de 20 cl,1.2,1.0,carrefour,bebidas
cerveza mahou clasica pack de 28 latas de 33 cl,pack de 28 latas de 33 cl,14.99,1.6222943722943723,mahou clasica,bebidas
agua mineral carrefour 8 l,8 l,1.42,0.1775,carrefour,bebidas
nestea te verde limon bajo en calorias botella 50 cl,botella 50 cl,1.54,3.08,nestea,bebidas
appletiser 100 zumo de manzana con burbujas finas lata 25 cl,lata 25 cl,0.85,3.4,appletiser,bebidas
agua mineral font vella 25 l,25 l,1.24,0.0496,font vella,bebidas
agua mineral natural nestle aquarel 5 l,5 l,1.91,0.382,aquarel,bebidas
cerveza free damm lager 00 sin alcohol sin gluten lata 33 cl,lata 33 cl,0.82,2.4848484848484844,damm,bebidas
schweppes citrus zero de mandarina lima naranja y pomelo lata 33 cl,lata 33 cl,1.05,3.1818181818181817,schweppes,bebidas
vino tinto crianza tempranillo dehesas del rey do ribera del duero 75 cl,75 cl,7.89,10.52,dehesas del rey,bebidas
cerveza paulaner weissbier lata 50 cl,lata 50 cl,1.82,3.64,paulaner,bebidas
refresco de naranja fanta con gas pack de 2 botellas de 2 l,pack de 2 botellas de 2 l,3.59,0.8975,fanta naranja,bebidas
agua mineral natural nestle aquarel 50 cl,50 cl,0.57,1.14,aquarel,bebidas
carrefour te de melocoton botella 15 l,botella 15 l,0.99,0.066,carrefour,bebidas
cerveza 7 carrefour lata 33 cl,lata 33 cl,0.62,1.8787878787878787,carrefour,bebidas
zumo de melocoton manzana y uva carrefour classic pack de 6 briks de 20 cl,pack de 6 briks de 20 cl,1.69,1.4083333333333334,carrefour,bebidas
cerveza estrella galicia especial pack de 10 latas 33 cl,pack de 10 latas,8.35,0.835,estrella galicia,bebidas
agua mineral ursu 9 15 l,15 l,0.76,0.050666666666666665,ursu9,bebidas
zumo de pina manzana y uva carrefour pack de 6 briks de 20 cl,pack de 6 briks de 20 cl,1.5,1.25,carrefour,bebidas
zumo de naranja carrefour brik 1 l,brik 1 l,2.09,2.09,carrefour,bebidas
nectar de naranja carrefour sin azucar anadido 1 l,1 l,1.17,1.17,carrefour,bebidas
cider ladron de manzanas botella 25 cl,botella 25 cl,1.31,5.24,ladron de manzanas,bebidas
red bull bebida energetica zero lata 25 cl,lata 25 cl,1.8,7.2,red bull,bebidas
monster energy rehab lemonade bebida energetica lata 50 cl,lata 50 cl,1.79,3.58,monster sabores,bebidas
tonica schweppes zero lata 25 cl,lata 25 cl,0.94,3.76,schweppes,bebidas
la casera hierbabuena 0 azucares y calorias lata 33 cl,lata 33 cl,0.67,2.0303030303030303,la casera,bebidas
monster energy bebida energetica rio punch lata 50 cl,lata 50 cl,1.79,3.58,monster,bebidas
cerveza tostada ambar triple zero lata 33 cl,lata 33 cl,0.85,2.5757575757575757,ambar,bebidas
cerveza desperados mojito lata 50 cl,lata 50 cl,1.99,3.98,desperados,bebidas
refresco sabor naranja carrefour classic botella 2 l,botella 2 l,0.95,0.475,carrefour,bebidas
sprite de lima limon sin azucar lata 33 cl,lata 33 cl,0.65,1.9696969696969697,sprite zero,bebidas
cerveza koenigsbier fuerte lata 50 cl,lata 50 cl,0.75,1.5,koenigsbier,bebidas
coca cola zero azucar sin cafeina pack 2 botellas 2 l,pack 2 botellas,3.99,1.995,coca cola zero scaf,bebidas
cerveza cruzcampo pilsen pack de 12 latas de 33 cl,pack de 12 latas de 33 cl,8.76,2.212121212121212,cruzcampo,bebidas
carrefour sensation isofresh bebida isotonica sabor naranja botella 15 l,botella 15 l,0.99,0.066,carrefour,bebidas
cerveza heineken lager pack de 12 latas de 33 cl,pack de 12 latas de 33 cl,10.2,2.5757575757575757,heineken,bebidas
tinto de verano con limon don simon botella 15 l,botella 15 l,1.72,0.11466666666666667,don simon,bebidas
fanta de frambuesa zero azucar lata 33 cl ,lata 33 cl,0.8,2.4242424242424243,fanta,bebidas
bitter kas zero lata 33 cl,lata 33 cl,1.07,3.2424242424242427,bitter kas,bebidas
la casera de limon zero azucares anadidos pack de 2 botellas de 15 l,pack de 2 botellas de 15 l,1.84,0.06133333333333334,la casera,bebidas
agua mineral natural con gas san pellegrino 50 cl,50 cl,1.14,2.28,san pellegrino,bebidas
cerveza mahou 5 estrellas session tipo ipa lata 33 cl,lata 33 cl,1.2,3.6363636363636362,mahou,bebidas
agua mineral carrefour 2 l,2 l,0.51,0.255,carrefour,bebidas
tonica schweppes botella 20 cl,botella 20 cl,1.09,5.45,schweppes,bebidas
agua mineral fuente primavera 50 cl,50 cl,0.24,0.48,carrefour,bebidas
agua mineral cabreiroa 15 l,15 l,0.77,0.051333333333333335,cabreiroa,bebidas
agua mineral aquabona 50 cl,50 cl,0.62,1.24,aquabona,bebidas
agua mineral fuente primavera 5 l,5 l,0.66,0.132,carrefour,bebidas
cerveza mahou 5 estrellas especial pack de 6 botellas de 25 cl,pack de 6 botellas de 25 cl,3.85,2.566666666666667,mahou,bebidas
agua mineral font vella natural 1 l,1 l,0.78,0.78,font vella,bebidas
cola carrefour classic zero azucar sin cafeina lata 33 cl,lata 33 cl,0.33,1.0,carrefour,bebidas
agua mineral natural nestle aquarel 2 l,2 l,0.81,0.405,aquarel,bebidas
agua mineral con gas carrefour 50 cl,50 cl,0.27,0.54,carrefour,bebidas
agua mineral carrefour tapon deportivo 75 cl,75 cl,0.69,0.9199999999999999,carrefour,bebidas
agua mineral font vella 625 l,625 l,2.35,0.0037600000000000003,font vella,bebidas
eneryeti bebida energetica sabor original lata 50 cl,lata 50 cl,1.12,2.24,eneryeti,bebidas
monster energy green bebida energetica lata 50 cl,lata 50 cl,1.79,3.58,monster,bebidas
cerveza carrefour sin alcohol lata 33 cl,lata 33 cl,0.36,1.0909090909090908,carrefour,bebidas
gaseosa carrefour calssic cero azucares botella 50 cl,botella 50 cl,0.34,0.68,carrefour,bebidas
cerveza carrefour especial lata 50 cl,lata 50 cl,0.48,0.96,carrefour,bebidas
agua mineral lanjaron 625 l,625 l,2.35,0.0037600000000000003,lanjaron,bebidas
burn original bebida energetica lata 50 cl,lata 50 cl,0.99,1.98,burn,bebidas
agua mineral solan de cabras natural 50 cl,50 cl,0.76,1.52,solan de cabras,bebidas
nestea te verde con maracuya lata 33 cl,lata 33 cl,1.05,3.1818181818181817,nestea,bebidas
red bull winter edition sabor iced vanilla berry sin azucar lata 25 cl,lata 25 cl,1.79,7.16,red bull sugar free,bebidas
cerveza carrefour shandy con limon lata 33 cl,lata 33 cl,0.35,1.0606060606060606,carrefour,bebidas
cerveza estrella galicia 00 sin alcohol lata 33 cl,lata 33 cl,0.85,2.5757575757575757,estrella galicia,bebidas
zumo de manzana carrefour classic pack de 6 briks de 20 cl,pack de 6 briks de 20 cl,1.3,1.0833333333333335,carrefour,bebidas
aquarius sabor naranja zero azucar sin calorias lata 33 cl,lata 33 cl,0.99,3.0,aquarius zero,bebidas
vino blanco de mesa don simon brik 1 l,brik 1 l,1.5,1.5,don simon,bebidas
whisky ballantines escoces 70 cl,70 cl,13.95,19.928571428571427,ballantines,bebidas
zumo de mandarina  simon life botella 15 l,botella 15 l,1.7,0.11333333333333333,simon life,bebidas
te sabor mango zero carrefour classic botella 15 l,botella 15 l,0.99,0.066,carrefour,bebidas
agua mineral natural cabreiroa tapon deportivo 50 cl,50 cl,0.7,1.4,cabreiroa,bebidas
trina de naranja sin gas botella 15 l,botella 15 l,1.77,0.11800000000000001,trina,bebidas
vino tinto crianza carrizal doca rioja 75 cl,75 cl,5.05,6.733333333333333,carrefour,bebidas
cerveza el aguila sin filtrar 00 alcohol botella 33 cl,botella 33 cl,0.89,2.696969696969697,el aguila,bebidas
vino blanco carrefour pack 3 brik 20 cl,pack 3 brik,1.45,0.48333333333333334,carrefour,bebidas
monster energy full throttle bebida energetica sin azucar lata 50 cl,lata 50 cl,1.79,3.58,monster,bebidas
royal bliss bohemian berry sensation lata 25 cl,lata 25 cl,0.82,3.28,royal bliss,bebidas
vino de verano con limon carrefour sensation botella 15 l,botella 15 l,0.99,0.066,carrefour,bebidas
nectar de maracuya carrefour classic brik 1 l,brik 1 l,1.35,1.35,carrefour,bebidas
agua mineral con gas perrier 1 l,1 l,1.58,1.58,perrier,bebidas
cerveza mahou cinco estrellas pack 6 botellas de 20 cl,pack 6 botellas de 20 cl,3.55,0.5916666666666667,mahou,bebidas
pepsi zero azucar cherry lata 33 cl,lata 33 cl,0.85,2.5757575757575757,pepsi zero,bebidas
monster energy ultra rosa bebida energetica sin azucar lata 50 cl,lata 50 cl,1.79,3.58,monster ultra,bebidas
bebida de fruta melocoton carrefour classic sin azucares anadidosbrik 1 l,brik 1 l,1.12,1.12,carrefour,bebidas
cerveza 1906 reserva especial pack 6 botellas 33 cl,pack 6 botellas,6.49,1.0816666666666668,1906,bebidas
refresco naranja zero carrefour classic botella 2 l,botella 2 l,0.9,0.45,carrefour,bebidas
7up de lima limon botella 2 l,botella 2 l,1.6,0.8,seven up,bebidas
coca cola zero azucar sabor limon lata 33 cl,lata 33 cl,0.99,3.0,coca cola zero,bebidas
cerveza cruzcampo pilsen pack de 24 botellas de 25 cl,pack de 24 botellas de 25 cl,10.39,1.7316666666666667,cruzcampo,bebidas
cerveza estrella galicia especial mini pack 20 botellas 20 cl,mini pack 20 botellas,11.19,0.5595,estrella galicia,bebidas
refresco de manzana carrefour classic botella 15 l,botella 15 l,1.07,0.07133333333333333,carrefour,bebidas
ginebra beefeater 70 cl,70 cl,14.25,20.357142857142858,beefeater,bebidas
cerveza desperados mojito botella 33 cl,botella 33 cl,1.36,4.121212121212121,desperados,bebidas
tonica nordic mist zero azucar lata 25 cl,lata 25 cl,0.69,2.76,nordic mist,bebidas
bebida de melocoton carrefour classic sin azucar pack de 6 briks de 20 cl,pack de 6 briks de 20 cl,1.67,1.3916666666666666,carrefour,bebidas
cerveza tostada free damm 00 alcohol sin gluten lata 33 cl,lata 33 cl,0.83,2.5151515151515147,damm,bebidas
refresco lima limon zero carrefour classic 2 l,2 l,0.95,0.475,carrefour,bebidas
cerveza pils carrefour lata 33 cl,lata 33 cl,0.65,1.9696969696969697,carrefour,bebidas
vino tinto crianza bardesano doca rioja 75 cl,75 cl,5.05,6.733333333333333,carrefour,bebidas
schweppes pomelo lata 33 cl,lata 33 cl,1.09,3.303030303030303,schweppes,bebidas
brandy veterano 1 l,1 l,10.05,10.05,veterano 33,bebidas
cerveza san miguel magna golden lager lata 33 cl,lata 33 cl,0.93,2.8181818181818183,san miguel,bebidas
cerveza rubia estrella damm mediterranea pack de 12 latas de 33 cl,pack de 12 latas de 33 cl,9.99,2.522727272727273,estrella damm,bebidas
cerveza tostada estrella galicia 00 alcohol lata 33 cl,lata 33 cl,0.98,2.9696969696969697,estrella galicia,bebidas
cerveza tostada amstel 00 radler con limon lata 33 cl,lata 33 cl,0.85,2.5757575757575757,amstel,bebidas
cerveza ambar triple zero lata 33 cl,lata 33 cl,0.9,2.727272727272727,ambar,bebidas
maltin polar lata 33 cl,lata 33 cl,1.64,4.969696969696969,polar,bebidas
vino tinto de mesa don simon brik 1 l,brik 1 l,1.5,1.5,don simon,bebidas
tonica carrefour botella 15 l,botella 15 l,0.99,0.066,carrefour,bebidas
pepsi pack de 2 botellas de 175 cl,pack de 2 botellas de 175 cl,3.19,0.9114285714285714,pepsi,bebidas
ginger ale schweppes lata 25 cl,lata 25 cl,0.97,3.88,schweppes,bebidas
zumo de frutas y leche carrefour sabor tropical pack de 3 briks de 33 cl,pack de 3 briks de 33 cl,0.99,1.0,carrefour,bebidas
kombucha de jengibre y limon ecologico komvida sin gluten botella 25 cl,botella 25 cl,2.79,11.16,komvida,bebidas
cerveza amstel 100 malta pack de 12 latas de 33 cl,pack de 12 latas de 33 cl,8.76,2.212121212121212,amstel,bebidas
fanta de limon zero botella 2 l,botella 2 l,1.99,0.995,fanta limon zero,bebidas
zumo tropical don simon pack de 6 briks de 20 cl,pack de 6 briks de 20 cl,1.5,1.25,don simon,bebidas
monster energy ultra fiesta mango bebida energetica sin azucar lata 50 cl,lata 50 cl,1.79,3.58,monster ultra,bebidas
tonica nordic mist blue lata 25 cl,lata 25 cl,0.69,2.76,nordic mist,bebidas
fanta de tutti frutti zero lata 33 cl,lata 33 cl,0.8,2.4242424242424243,fanta,bebidas
agua mineral lanjaron 75 cl,75 cl,0.92,1.2266666666666668,lanjaron,bebidas
cerveza mahou mixta shandy con limon lata 33 cl,lata 33 cl,0.91,2.7575757575757573,mahou,bebidas
te sabor limon zero carrefour classic botella 15 l,botella 15 l,0.99,0.066,carrefour,bebidas
refresco carrefour classic limon 2 l,2 l,1.07,0.535,carrefour,bebidas
cerveza el aguila sin filtrar lata 50 cl,lata 50 cl,1.54,3.08,el aguila,bebidas
nectar de guayaba carrefour brik 1 l,brik 1 l,1.3,1.3,carrefour,bebidas
classic bebida energetica lata 50 cl,lata 50 cl,0.83,1.66,carrefour,bebidas
coca cola zero azucar sabor cereza lata 33 cl,lata 33 cl,0.89,2.696969696969697,coca cola zero,bebidas
zumo de naranja limon y zanahoria carrefour classic brik 1 l,brik 1 l,0.99,0.99,carrefour,bebidas
cerveza la rubia 1870 lager especial lata 33 cl,lata 33 cl,1.08,3.272727272727273,1870,bebidas
fanta de sandia zero azucar lata 33 cl ,lata 33 cl,0.8,2.4242424242424243,fanta,bebidas
nectar tropical carrefour classic brik 1 l,brik 1 l,1.21,1.21,carrefour,bebidas
zumo de naranja recien exprimido con pulpa carrefour seleccion botella 1 l,botella 1 l,3.15,3.15,carrefour seleccion,bebidas
coca cola pack 24 latas 33 cl,pack 24 latas,19.2,0.7999999999999999,coca cola,bebidas
cerveza ambar lager especial pack de 9 latas de 33 cl,pack de 9 latas de 33 cl,7.95,2.6767676767676765,ambar,bebidas
coca cola zero azucar pack 24 latas 33 cl,pack 24 latas,19.2,0.7999999999999999,coca cola zero,bebidas
cerveza mahou reserva botella 33 cl,botella 33 cl,1.0,3.0303030303030303,mahou,bebidas
coca cola mini pack 10 latas 20 cl,mini pack 10 latas,7.25,0.725,coca cola,bebidas
agua mineral font vella tapon deportivo 75 cl,75 cl,0.89,1.1866666666666668,font vella,bebidas
cider ladron de manzanas sabor frutos rojos botella 25 cl,botella 25 cl,1.31,5.24,ladron de manzanas,bebidas
vino tinto reserva tempranillo vina albali do valdepenas 75 cl,75 cl,3.69,4.92,vina albali,bebidas
coca cola zero mini pack 10 latas 20 cl,mini pack 10 latas,6.65,0.665,coca cola zero,bebidas
tinto de verano con limon sin alcohol la casera botella 15 l,botella 15 l,2.55,0.16999999999999998,la casera,bebidas
agua mineral con gas solan de cabras 75 cl,75 cl,1.73,2.3066666666666666,solan de cabras,bebidas
bebida refrescante aromatizada con agua mineral y zumo de limon carrefour sensation sin azucares anadidos 15 l,15 l,1.31,0.08733333333333333,carrefour,bebidas
cerveza negra saer brau lata 33 cl,lata 33 cl,0.62,1.8787878787878787,carrefour,bebidas
agua mineral evian 15 l,15 l,2.29,0.15266666666666667,evian,bebidas
fanta de limon pack 2 botellas 2 l,pack 2 botellas,3.63,1.815,fanta limon,bebidas
agua mineral cabreiroa 1 l,1 l,0.81,0.81,cabreiroa,bebidas
vodka vikoroff 70 cl,70 cl,4.69,6.700000000000001,carrefour,bebidas
coca cola zero azucar zero cafeina pack 12 latas 33 cl,pack 12 latas,10.79,0.8991666666666666,coca cola zero scaf,bebidas
cerveza corona cero 00 alcohol botella 33 cl,botella 33 cl,1.83,5.545454545454545,corona,bebidas
schweppes naranja zero lata 33 cl,lata 33 cl,1.06,3.212121212121212,schweppes,bebidas
schweppes de limon lata 25 cl,lata 25 cl,0.97,3.88,schweppes,bebidas
vermut forteni rojo 1 l,1 l,2.79,2.79,carrefour,bebidas
zumo blue berry cancun sunny delight botella 33 cl,botella 33 cl,0.99,3.0,sunny delight,bebidas
vino tinto crianza cune doca rioja 75 cl,75 cl,6.95,9.266666666666667,cune,bebidas
cerveza cruzcampo pilsen pack 28 latas 33 cl,pack 28 latas,19.89,0.7103571428571429,cruzcampo,bebidas
kuyx light de mandarina sin gluten 3 l,3 l,2.19,0.73,kuyx,bebidas
vino do rueda blanco moralinos verdejo pagos del rey 75 cl,75 cl,5.05,6.733333333333333,moralinos,bebidas
tonica schweppes zero botella 1 l,botella 1 l,2.09,2.09,schweppes,bebidas
cerveza alhambra reserva 1925 lata 33 cl,lata 33 cl,1.38,4.181818181818182,alhambra,bebidas
monster energy ultra paradise bebida energetica sin azucar lata 50 cl,lata 50 cl,1.79,3.58,monster sabores,bebidas
cerveza franziskaner dunkel botella 50 cl,botella 50 cl,1.56,3.12,franziskaner,bebidas
cerveza el alcazar lata 33 cl,lata 33 cl,0.99,3.0,alcazar,bebidas
cerveza mahou clasica pack de 24 botellas de 25 cl,pack de 24 botellas de 25 cl,11.05,1.8416666666666668,mahou,bebidas
cerveza voll damm doble malta botella 33 cl,botella 33 cl,1.51,4.575757575757575,voll damm,bebidas
cerveza grimbergen doble ambree botella 33 cl,botella 33 cl,2.19,6.636363636363636,grimbergen,bebidas
cerveza el aguila dorada lata 50 cl,lata 50 cl,1.2,2.4,el aguila,bebidas
zumo de frutas y leche carrefour sabor tropical brik 1 l,brik 1 l,0.95,0.95,carrefour,bebidas
cerveza mahou 5 estrellas especial sin gluten botella 33 cl,botella 33 cl,1.19,3.6060606060606055,mahou,bebidas
cerveza miller genuine draft lager norteamericana botella 33 cl,botella 33 cl,1.48,4.484848484848484,miller,bebidas
sangria don simon botella 15 l,botella 15 l,2.09,0.13933333333333334,don simon,bebidas
nectar de naranja carrefour classic sin azucares anadidos pack de 6 brik de 20 cl,pack de 6 brik de 20 cl,1.94,1.6166666666666667,carrefour,bebidas
vino do mancha tinto tempranillo vina lobon 75 cl,75 cl,1.3,1.7333333333333334,vina lobon,bebidas
kombucha de frutos rojos ecologico komvida sin gluten botella 25 cl,botella 25 cl,2.79,11.16,komvida,bebidas
zumo de manzana exprimido carrefour brik 1 l,brik 1 l,1.7,1.7,carrefour,bebidas
refresco de naranja trina zero sin gas lata 33 cl,lata 33 cl,0.69,2.090909090909091,trina,bebidas
vermut martini rojo 1 l,1 l,10.66,10.66,martini,bebidas
agua mineral natural nestle aquarel tapon deportivo 75 cl,75 cl,0.8,1.0666666666666667,aquarel,bebidas
eneryeti splash bebida energetica lata 50 cl,lata 50 cl,0.99,1.98,eneryeti,bebidas
agua mineral natural nestle aquarel 8 l,8 l,3.39,0.42375,aquarel,bebidas
refresco sabor limon zero carrefour classic botella 2 l,botella 2 l,0.95,0.475,carrefour,bebidas
cider ladron de manzanas sabor manzana verde botella 25 cl,botella 25 cl,1.31,5.24,ladron de manzanas,bebidas
tinto de verano con limon 00 alcohol sin azucar anadido carrefour sensation botella 15 l,botella 15 l,0.9,0.060000000000000005,carrefour,bebidas
vino tinto crianza tempranillo vina albali do valdepenas 75 cl,75 cl,2.79,3.72,vina albali,bebidas
vino tinto joven tempranillo tres reinos doca rioja 75 cl,75 cl,2.55,3.4,3 reinos,bebidas
pony malta botella 33 cl,botella 33 cl,1.62,4.909090909090909,pony,bebidas
cerveza mahou 5 estrellas especial pack de 24 botellas de 25 cl,pack de 24 botellas de 25 cl,10.49,1.7483333333333333,mahou,bebidas
tonica pink zero schweppes lata 33 cl,lata 33 cl,0.96,2.9090909090909087,schweppes,bebidas
ginebra larios 1 l,1 l,12.45,12.45,larios,bebidas
aquarius sabor limon pack de 2 botellas de 15 l,pack de 2 botellas de 15 l,3.94,0.13133333333333333,aquarius,bebidas
whisky johnnie walker red label escoces 70 cl,70 cl,16.49,23.557142857142857,johnnie walker,bebidas
agua mineral evian tapon deportivo 75 cl,75 cl,1.99,2.6533333333333333,evian,bebidas
eneryeti anyel sabor coco bebida energetica lata 50 cl,lata 50 cl,1.23,2.46,eneryeti,bebidas
zumo tropical original bifrutas botella 1 l,botella 1 l,2.29,2.29,bifrutas,bebidas
cerveza tostada san miguel 00 alcohol lata 33 cl,lata 33 cl,0.82,2.4848484848484844,san miguel 00,bebidas
vitamin well reload sabor lima limon botella 50 cl,botella 50 cl,2.25,4.5,vitamin well,bebidas
whisky loch castle escoces 70 cl ,70 cl,6.15,8.785714285714286,carrefour,bebidas
nectar de mango y naranja carrefour classic brik 1 l,brik 1 l,1.25,1.25,carrefour,bebidas
vino do rioja tinto crianza el coto 75 cl,75 cl,6.35,8.466666666666667,coto,bebidas
kas zero de naranja sin azucar lata 33 cl,lata 33 cl,0.7,2.121212121212121,kas naranja zero,bebidas
ginebra seagrams extra 70 cl,70 cl,17.49,24.985714285714284,seagrams,bebidas
coca cola zero azucar lima lata 33 cl,lata 33 cl,0.99,3.0,coca cola,bebidas
cerveza estrella galicia especial pack de 12 botellas de 25 cl,pack de 12 botellas de 25 cl,7.99,2.6633333333333336,estrella galicia,bebidas
vino do rioja blanco el coto 75 cl,75 cl,4.25,5.666666666666667,el coto,bebidas
monster energy ultra gold bebida energetica sin azucar lata 50 cl,lata 50 cl,1.79,3.58,monster,bebidas
vino blanco verdejo 3 reinos do rueda 75 cl,75 cl,1.99,2.6533333333333333,carrefour,bebidas
burn bebida energetica sin azucar sabor frambuesa lata 50 cl,lata 50 cl,1.2,2.4,burn,bebidas
zumo de melocoton manzana y uva carrefour brik 1 l,brik 1 l,0.99,0.99,carrefour,bebidas
cerveza daura sin gluten lata 33 cl,lata 33 cl,1.05,3.1818181818181817,daura,bebidas
nectar de manzana carrefour classic brik 1 l,brik 1 l,1.05,1.05,carrefour,bebidas
coca cola pack 4 botellas 2 l,pack 4 botellas,7.98,1.995,coca cola,bebidas
vino tinto crianza 3 reinos doca rioja 75 cl,75 cl,3.15,4.2,3 reinos,bebidas
vino do valdepenas tinto reserva vina lobon 75 cl,75 cl,2.75,3.6666666666666665,vina lobon,bebidas
tinto de verano con gaseosa la casera lata 33 cl,lata 33 cl,0.99,3.0,la casera,bebidas
nectar de melocoton granini botella 1 l,botella 1 l,2.95,2.95,granini,bebidas
zumo de frutas y leche carrefour classic sabor caribe pack de 6 briks de 20 cl,pack de 6 briks de 20 cl,1.36,1.1333333333333335,carrefour,bebidas
coca cola zero azucar pack 4 botellas 2 l,pack 4 botellas,7.98,1.995,coca cola zero,bebidas
zumo de pina carrefour brik 1 l,brik 1 l,2.09,2.09,carrefour,bebidas
sprite de lima limon sin azucar botella 2 l,botella 2 l,1.65,0.825,sprite zero,bebidas
la casera de naranja zero azucares anadidos pack de 2 botellas de 15 l,pack de 2 botellas de 15 l,1.84,0.06133333333333334,la casera,bebidas
agua mineral ursu 9 alcalina 50 cl,50 cl,0.85,1.7,ursu9,bebidas
vino do la mancha tinto crianza vina lobon 75 cl,75 cl,1.83,2.44,vina lobon,bebidas
fanta de naranja pack 9 latas 33 cl,pack 9 latas,6.93,0.77,fanta naranja,bebidas
cerveza amstel 100 malta pack 28 latas 33 cl,pack 28 latas,19.89,0.7103571428571429,amstel,bebidas
zumo de tomate carrefour classic brik 1 l,brik 1 l,1.05,1.05,carrefour,bebidas
agua mineral con gas font vella 1 l,1 l,1.39,1.39,font vella,bebidas
coca cola light sin cafeina lata 33 cl,lata 33 cl,0.92,2.787878787878788,coca cola light scaf,bebidas
vino do rioja tinto crianza gran vendema 75 cl,75 cl,5.05,6.733333333333333,gran vendema,bebidas
cerveza 1906 red vintage la colorada lata 33 cl,lata 33 cl,1.3,3.9393939393939394,1906,bebidas
nectar de naranja granini botella 1 l,botella 1 l,3.19,3.19,granini,bebidas
zumo de naranja carrefour exprimido sin pulpa brik 1 l,brik 1 l,2.09,2.09,carrefour,bebidas
tinto de verano con limon sin alcohol don simon botella 15 l,botella 15 l,1.55,0.10333333333333333,don simon,bebidas
cerveza guinness draught irlandesa negra lata 44 cl,lata 44 cl,3.19,7.25,guinness,bebidas
cerveza ambar lager especial sin gluten lata 33 cl,lata 33 cl,0.94,2.848484848484848,ambar,bebidas
cerveza carrefour classic pack de 6 botellas de 25 cl,pack de 6 botellas de 25 cl,2.19,1.46,carrefour,bebidas
cerveza carrefour shandy con limon pack de 6 botellas de 25 cl,pack de 6 botellas de 25 cl,1.68,1.1199999999999999,carrefour,bebidas
bebida de pina y coco carrefour sin azucar anadido brik 1 l ,brik 1 l,1.22,1.22,carrefour,bebidas
cerveza ambar radler lager premium botella 33 cl,botella 33 cl,1.39,4.212121212121212,ambar,bebidas
zumo de naranja don simon sin pulpa brik 1 l,brik 1 l,2.19,2.19,don simon,bebidas
zumo de naranja don simon exprimido con pulpa brik 1 l,brik 1 l,2.19,2.19,don simon,bebidas
zumo de manzana 100 premium granini botella 1 l,botella 1 l,3.35,3.35,granini,bebidas
whisky loch castle escoces 1 l,1 l,8.69,8.69,carrefour,bebidas
smoothie de mango y maracuya innocent sin azucares anadidos botella 25 cl,botella 25 cl,2.59,10.36,innocent,bebidas
vio tinto crianza tempranillo malabestia doca rioja 75 cl,75 cl,2.65,3.533333333333333,Desconocida,bebidas
zumo fresa sunny delight botella 33 cl,botella 33 cl,0.99,3.0,sunny delight,bebidas
vino tinto reserva carrizal doca rioja 75 cl,75 cl,6.25,8.333333333333334,carrefour,bebidas
vino blanco uva blanca diamante doca rioja 75 cl,75 cl,4.19,5.586666666666667,diamante,bebidas
whisky dewars white label escoces 1 l,1 l,20.9,20.9,white label,bebidas
aquarius sabor naranja pack 2 botellas 15 l,pack 2 botellas,3.94,1.97,aquarius,bebidas
tinto de verano clasico sin alcohol don simon botella 15 l,botella 15 l,1.55,0.10333333333333333,don simon,bebidas
vermut martini blanco 1 l,1 l,10.66,10.66,martini,bebidas
cerveza rubia 1870 botella 33 cl,botella 33 cl,0.92,2.787878787878788,1870,bebidas
zumo de fruta y leche don simon caribe zero pack de 6 briks de 20 cl,pack de 6 briks de 20 cl,1.5,1.25,don simon,bebidas
vino tinto crianza senorio de los llanos  do valdepenas 75 cl,75 cl,1.75,2.3333333333333335,senorio de los llanos,bebidas
salitos blue 33 cl,33 cl,2.05,6.212121212121211,salitos,bebidas
tinto de verano clasico la casera botella 15 l,botella 15 l,2.35,0.15666666666666668,la casera,bebidas
nectar de pina don simon disfruta sin azucar anadido botella 15 l,botella 15 l,2.19,0.146,don simon,bebidas
cerveza tostada estrella galicia 00 alcohol pack 6 botellas 25 cl,pack 6 botellas,4.15,0.6916666666666668,estrella galicia,bebidas
whisky jack daniels con coca cola lata 33 cl,lata 33 cl,3.09,9.363636363636363,coca cola,bebidas
pepsi light lata 33 cl,lata 33 cl,0.81,2.4545454545454546,pepsi light,bebidas
cerveza ambar 00 sin alcohol sin gluten botella 33 cl,botella 33 cl,1.47,4.454545454545454,ambar,bebidas
refresco de manzana trina sin gas lata 33 cl,lata 33 cl,0.69,2.090909090909091,trina,bebidas
agua mineral natural font vella con zumo de limon 115 l,115 l,1.9,0.01652173913043478,font vella,bebidas
zumo de uva roja granada y grosella carrefour seleccion exprimido botella75 cl,75 cl,2.05,2.733333333333333,carrefour,bebidas
tinto de verano clasico don simon botella 15 l,botella 15 l,1.72,0.11466666666666667,don simon,bebidas
agua mineral con gas vichy catalan natural sabor limon 50 cl,50 cl,1.48,2.96,vichy catalan,bebidas
refresco de limon trina sin gas lata 33 cl,lata 33 cl,0.69,2.090909090909091,trina,bebidas
zumo waikiki sunny delight botella 33 cl,botella 33 cl,0.99,3.0,sunny delight,bebidas
agua mineral natural font vella con toque de sabor a limon sin azucar 115 l,115 l,1.9,0.01652173913043478,font vella,bebidas
nectar de pina granini botella 1 l,botella 1 l,2.95,2.95,granini,bebidas
cerveza tostada mahou maestra doble lupulo pack de 12 latas de 33 cl,pack de 12 latas de 33 cl,11.29,2.8510101010101008,mahou,bebidas
smoothie super energia de fresa cereza manzana guarana  semillas de lino y vitaminas innocent botella 30 cl,botella 30 cl,2.49,8.3,innocent,bebidas
vino tinto crianza marques de caceres doca rioja 75 cl,75 cl,7.49,9.986666666666666,marques de caceres,bebidas
soda geiser sifon 15 l,15 l,2.15,0.14333333333333334,geiser,bebidas
te sabor melocoton zero carrefour classic botella 15 l,botella 15 l,0.99,0.066,carrefour,bebidas
zumo de fruta y leche carrefour mediterraneo pack de 3 briks de 33 cl,pack de 3 briks de 33 cl,0.99,1.0,carrefour,bebidas
bebida refrescante naranja simon life 33 cl,33 cl,0.65,1.9696969696969697,simon life,bebidas
7up zero de lima limon sin azucar pack 2 botellas 2 l,pack 2 botellas,3.15,1.575,7up,bebidas
agua mineral cabreiroa grifo 8 l,8 l,3.99,0.49875,cabreiroa,bebidas
vino tinto tempranillo elegido 1 l,1 l,2.19,2.19,elegido,bebidas
pepsi max zero azucar botella 50 cl,botella 50 cl,1.37,2.74,pepsi zero,bebidas
gaseosa la casera cero calorias pack de 4 botellas de 15 l,pack de 4 botellas de 15 l,4.89,0.08149999999999999,la casera,bebidas
zumo de fruta y leche don simon caribe pack de 6 briks de 20 cl,pack de 6 briks de 20 cl,1.5,1.25,don simon,bebidas
crema de orujo puntemino 70 cl,70 cl,6.35,9.071428571428571,carrefour,bebidas
schweppes limon botella 15 l,botella 15 l,1.85,0.12333333333333334,schweppes,bebidas
vino do rioja blanco 3 reinos 75 cl,75 cl,3.35,4.466666666666667,3 reinos,bebidas
nct saz nja disf dsimon 15,1 paquete,2.99,2.99,don simon,bebidas
coca cola zero azucar zero cafeina mini pack 10 latas 20 cl,mini pack 10 latas,6.65,0.665,coca cola zero scaf,bebidas
monster energy juiced bad apple bebida energetica lata 50 cl,lata 50 cl,1.79,3.58,monster,bebidas
vino blanco verdejo faustino rivero vtcastilla 75 cl,75 cl,4.19,5.586666666666667,faustino rivero ulecia,bebidas
tonica schweppes pink zero lata 25 cl,lata 25 cl,0.97,3.88,schweppes,bebidas
vino rosado carrefour classic brik 1 l,brik 1 l,1.1,1.1,carrefour,bebidas
vino  tinto crianza ramon bilbao doca rioja 75 cl,75 cl,10.65,14.200000000000001,ramon bilbao,bebidas
agua mineral con gas font vella  50 cl,50 cl,0.99,1.98,font vella,bebidas
vino tinto joven fuentevina vendimia seleccionada 75 cl,75 cl,1.44,1.92,primer precio sin marca,bebidas
agua con gas maison perrier sabor limon 50 cl,50 cl,1.05,2.1,perrier,bebidas
cerveza leffe botella 33 cl,botella 33 cl,2.29,6.9393939393939394,leffe,bebidas
cerveza mahou 5 estrellas especial pack de 12 botellas de 25 cl,pack de 12 botellas de 25 cl,7.59,2.53,mahou,bebidas
bebida de fruta guayaba carrefour classic sin azucar anadido brik 1 l,brik 1 l,1.3,1.3,carrefour,bebidas
tonica schweppes limon lata 33 cl,lata 33 cl,0.96,2.9090909090909087,schweppes,bebidas
eneryeti zyro zafiro bebida energetica sin azucar lata 50 cl,lata 50 cl,1.41,2.82,eneryeti,bebidas
agua mineral font vella tapon deportivo 33 cl,33 cl,0.81,2.4545454545454546,font vella,bebidas
agua mineral con gas fonter 1 l,1 l,1.13,1.13,fonter,bebidas
agua mineral carrefour kids tapon deportivo 33 cl,33 cl,0.26,0.7878787878787878,carrefour kids,bebidas
fuze tea te verde sabor maracuya lata 33 cl,lata 33 cl,1.08,3.272727272727273,fuze tea,bebidas
aquarius sabor limon botella 50 cl,botella 50 cl,1.64,3.28,aquarius,bebidas
agua mineral solan de cabras natural 5 l,5 l,2.69,0.538,solan de cabras,bebidas
agua mineral bezoya 50 cl,50 cl,0.6,1.2,bezoya,bebidas
cerveza carrefour lager botella 1 l,botella 1 l,1.05,1.05,carrefour,bebidas
cerveza desperados original lata 50 cl,lata 50 cl,1.99,3.98,desperados,bebidas
cerveza mahou cinco estrellas pack de 12 latas de 33 cl,pack de 12 latas de 33 cl,9.96,2.5151515151515156,mahou,bebidas
agua mineral natural con gas san pellegrino 1 l,1 l,1.39,1.39,san pellegrino,bebidas
agua mineral bezoya natural 5 l,5 l,2.29,0.458,bezoya,bebidas
agua mineral solan de cabras natural 75 cl,75 cl,0.99,1.32,solan de cabras,bebidas
agua mineral natural nestle aquarel tapon deportivo 33 cl,33 cl,0.57,1.727272727272727,aquarel,bebidas
cerveza mahou clasica pack de 12 latas de 33 cl,pack de 12 latas de 33 cl,9.0,2.272727272727273,mahou,bebidas
gaseosa carrefour classic cero azucares botella 15 l,botella 15 l,0.55,0.03666666666666667,carrefour,bebidas
limonada don simon exprimida botella 15 l,botella 15 l,1.15,0.07666666666666666,don simon,bebidas
agua mineral con gas vichy catalan natural 12 l,12 l,1.79,0.14916666666666667,vichy catalan,bebidas
cerveza rubia heineken lager pack de 18 latas de 33 cl,pack de 18 latas de 33 cl,15.12,2.545454545454545,heineken,bebidas
vino blanco carrefour classic brik 1 l,brik 1 l,0.9,0.9,carrefour,bebidas
tonica carrefour lata 33 cl,lata 33 cl,0.37,1.121212121212121,carrefour,bebidas
agua mineral font vella tapon deportivo 33 cl,33 cl,0.53,1.606060606060606,font vella,bebidas
coca cola pack de 2 botellas de 2 l,pack de 2 botellas de 2 l,3.99,0.9975,coca cola,bebidas
cola carrefour classic botella 2 l,botella 2 l,0.73,0.365,carrefour,bebidas
agua mineral solan de cabras natural 33 cl,33 cl,0.7,2.121212121212121,solan de cabras,bebidas
agua mineral zero sodio fontarel 15 l,15 l,0.75,0.05,fontarel,bebidas
agua de coco 100 natural ecologico carrefour bio brik 1 l,brik 1 l,2.89,2.89,carrefour,bebidas
tinto de verano con limon sin alcohol don simon botella 15 l,botella 15 l,1.55,0.10333333333333333,don simon,bebidas
vino rosado joven penascal 75 cl,75 cl,4.29,5.72,penascal,bebidas
cerveza mahou sin alcohol pack de 12 latas de 33 cl,pack de 12 latas de 33 cl,7.55,1.9065656565656566,mahou sin,bebidas
vino tinto tempranillo campo viejo doca rioja  75 cl,75 cl,4.55,6.066666666666666,campo viejo,bebidas
agua mineral solan de cabras natural 15 l,15 l,0.92,0.06133333333333334,solan de cabras,bebidas
cerveza desperados lima botella 33 cl  ,botella 33 cl,1.36,4.121212121212121,desperados,bebidas
naranjada natural light don simon 15 l,15 l,1.3,0.08666666666666667,don simon,bebidas
tonica schweppes zero botella 20 cl,botella 20 cl,1.13,5.6499999999999995,schweppes,bebidas
bebida refrescante aromatizada con agua mineral y zumo de naranja carrefour sensation sin azucares anadidos 15 l,15 l,1.31,0.08733333333333333,carrefour,bebidas
bebida de fruta frutos rojos carrefour classic brik 1 l,brik 1 l,1.86,1.86,carrefour,bebidas
bebida de maracuya manzana y mango carrefour classic sin azucar anadido brik 1 l,brik 1 l,1.62,1.62,carrefour,bebidas
kuyx light tropical sin gluten 3 l,3 l,2.19,0.73,kuyx,bebidas
sidra menendez natural 70 cl,70 cl,2.79,3.985714285714286,menendez,bebidas
vino do ribera del duero tinto roble protos 75 cl,75 cl,9.9,13.200000000000001,protos,bebidas
agua minareal font del regs 8 l,8 l,2.15,0.26875,font del regas,bebidas
bebida refrescante aromatizada con agua mineral y zumo de frutas del bosque carrefour sensation sin azucares anadidos 15 l,15 l,1.31,0.08733333333333333,carrefour,bebidas
zumo multivitaminico capri sun 20 cl,20 cl,0.74,3.6999999999999997,capri sun,bebidas
lipton ice tea limon zero botella 1 l,botella 1 l,1.66,1.66,lipton,bebidas
bitter carrefour sensation pack de 6 botellas de 20 cl,pack de 6 botellas de 20 cl,2.45,2.041666666666667,carrefour,bebidas
cerveza san miguel 00 alcohol pack de 6 botellas de 25 cl,pack de 6 botellas de 25 cl,3.29,2.1933333333333334,san miguel,bebidas
refresco de limon carrefour sin gas botella 15 l,botella 15 l,1.07,0.07133333333333333,carrefour,bebidas
limonada con limones exprimidos light don simon botella 33 cl,botella 33 cl,0.51,1.5454545454545454,don simon,bebidas
tinto de verano clasico carrefour sensation 15 l,15 l,1.12,0.07466666666666667,carrefour,bebidas
cerveza voll damm doble malta pack de 12 latas de 33 cl,pack de 12 latas de 33 cl,11.09,2.8005050505050506,voll damm,bebidas
coca cola zero azucar zero cafeina pack 4 botellas 2 l,pack 4 botellas,7.98,1.995,coca cola zero scaf,bebidas
vino blanco dulce barrica sauvignon blanc arabe vt extemadura 75 cl,75 cl,4.65,6.2,arabe,bebidas
tonica fever tree premium indian botella 20 cl,botella 20 cl,1.62,8.1,fever tree,bebidas
vino blanco verdejo four lines do rueda 75 cl,75 cl,7.25,9.666666666666666,four lines,bebidas
coca cola pack 6 botellas 2 l,pack 6 botellas,11.95,1.9916666666666665,coca cola,bebidas
zumo de pina manzana y uva don simon pack de 6 briks de 20 cl,pack de 6 briks de 20 cl,2.15,1.7916666666666667,don simon,bebidas
trina de naranja sin gas zero botella 15 l,botella 15 l,1.77,0.11800000000000001,trina,bebidas
kombucha superglow ecologica komvida sin gluten 250 ml,250 ml,2.89,11.56,komvida,bebidas
cerveza heineken lager 00 sin alcohol pack 6 botellas 25 cl,pack 6 botellas,4.25,0.7083333333333334,heineken,bebidas
bebida refrescante aromatizada con agua mineral y zumo de manzana carrefour sensation sin azucares anadidos 15 l,15 l,1.31,0.08733333333333333,carrefour,bebidas
whisky jb escoces 70 cl,70 cl,13.49,19.271428571428572,jb,bebidas
vino sweet semi dulce blanco alma de valdeguerra 75 cl,75 cl,4.49,5.986666666666667,alma de valdeguerra,bebidas
coca cola zero azucar pack 6 botellas 2 l,pack 6 botellas,11.95,1.9916666666666665,coca cola zero,bebidas
vino blanco dama del lago do rueda 75 cl,75 cl,3.29,4.386666666666667,dama del lago,bebidas
vino do rias baixas blanco albarino pazo das estrelas 75 cl,75 cl,13.19,17.586666666666666,pazo das estrelas,bebidas
ron carum anejo 70 cl,70 cl,7.45,10.642857142857144,carrefour,bebidas
cerveza tostada mahou 00 alcohol pack de 6 botellas de 25 cl,pack de 6 botellas de 25 cl,4.75,3.1666666666666665,mahou,bebidas
vino tinto crianza doca rioja 1875 cl,1875 cl,2.45,0.13066666666666668,carrefour,bebidas
monster energy ultra red bebida energetica sin azucar lata 50 cl,lata 50 cl,1.79,3.58,monster ultra,bebidas
whisky westerly 70 cl,70 cl,6.29,8.985714285714286,carrefour,bebidas
zumo de pina carrefour extra brik 1 l,brik 1 l,2.45,2.45,carrefour,bebidas
eneryeti freshyeti sabor piruleta bebida energetica lata 50 cl,lata 50 cl,1.0,2.0,eneryeti,bebidas
bebida refrescante mandarina simon life 33 cl,33 cl,0.65,1.9696969696969697,simon life,bebidas
zumo tropical original bifrutas pack de 6 briks de 33 cl,pack de 6 briks de 33 cl,5.09,2.5707070707070705,bifrutas,bebidas
red bull bebida energetica pack 4 latas 25 cl,pack 4 latas,5.29,1.3225,red bull,bebidas
energy drink ginseng bebida energetica carrefour lata 50 cl,lata 50 cl,1.05,2.1,carrefour,bebidas
cerveza san miguel 00 sin alcohol lager pack de 12 latas de 33 cl,pack de 12 latas de 33 cl,8.89,2.2449494949494953,san miguel 00,bebidas
tonica schweppes wild berry lata 25 cl,lata 25 cl,0.99,3.96,schweppes,bebidas
cerveza mahou maestra tostada doble lupulo botella 33 cl,botella 33 cl,1.52,4.6060606060606055,mahou maestra,bebidas
vino blanco joven palomino fina castillo de san diego vt cadiz 75 cl,75 cl,5.59,7.453333333333333,castillo de san diego,bebidas
zumo de clementinas carrefour extra exprimido brik 1 l,brik 1 l,1.91,1.91,carrefour,bebidas
cerveza el aguila sin filtrar pack 12 latas de 33 cl,pack 12 latas de 33 cl,11.28,0.94,el aguila,bebidas
kas naranja botella 2 l,botella 2 l,1.59,0.795,kas naranja,bebidas
vino tinto con crianza tempranillo pradorey do ribera del duero 75 cl,75 cl,10.39,13.853333333333333,pradorey coleccion barricas,bebidas
tinto de verano ladron de verano con limon con un toque extra de sabores citricos sin alcohol lata 33 cl,lata 33 cl,1.24,3.7575757575757573,ladron de verano,bebidas
cerveza mahou clasica pack de 12 botellas de 25 cl,pack de 12 botellas de 25 cl,6.45,2.15,mahou,bebidas
cerveza buckler 00 alcohol malta lata 33 cl,lata 33 cl,0.89,2.696969696969697,buckler,bebidas
vino tinto de mesa vegas del rivilla 2 l,2 l,3.09,1.545,vegas del rivilla,bebidas
kas de limon sin azucares anadidos lata 33 cl,lata 33 cl,0.79,2.393939393939394,kas limon zero,bebidas
ron anejo brugal 1 l,1 l,21.9,21.9,brugal,bebidas
vino tinto tempranillo faustino vii doca rioja 75 cl,75 cl,4.55,6.066666666666666,faustino,bebidas
vino de aguja blanco blanc pescador 75 cl,75 cl,4.35,5.8,blanc pescador,bebidas
royal bliss ironic lemon lata 25 cl,lata 25 cl,0.82,3.28,royal bliss,bebidas
cerveza artesana carrefour sensation tipo ipa botella 33 cl,botella 33 cl,1.44,4.363636363636363,carrefour,bebidas
pepsi zero azucar pack de 12 latas de 33 cl,pack de 12 latas de 33 cl,8.99,2.2702020202020203,pepsi zero,bebidas
whisky dyc 15 l,15 l,21.7,1.4466666666666665,dyc,bebidas
fuze tea te verde y maracuya botella 500 ml,botella 500 ml,1.68,3.36,fuze tea,bebidas
zumo de manzana ecologico carrefour bio brik 1 l,brik 1 l,2.29,2.29,carrefour bio,bebidas
vino tinto crianza campo viejo doca rioja 75 cl,75 cl,6.65,8.866666666666667,campo viejo,bebidas
refresco de naranja carrefour sin gas botella 15 l,botella 15 l,1.07,0.07133333333333333,carrefour,bebidas
cerveza franziskaner weissbier sin alcohol botella 50 cl,botella 50 cl,1.56,3.12,franziskaner,bebidas
vino tinto gran reserva tempranillo faustino i doca rioja 75 cl,75 cl,20.3,27.066666666666666,faustino,bebidas
prime blue raspberry botella 500 ml,botella 500 ml,2.85,5.7,prime,bebidas
ron negrita anejo 70 cl,70 cl,9.49,13.557142857142859,negrita,bebidas
vino blanco elegido 1 l,1 l,2.19,2.19,elegido,bebidas
vino blanco con crianza pedro ximenez para cocinar aromatizado con hierbas carrefour 75 cl,75 cl,2.35,3.1333333333333333,carrefour,bebidas
vino tinto joven malabestia doca rioja 75 cl,75 cl,2.55,3.4,Desconocida,bebidas
ginger beer fever tree premium botella 20 cl,botella 20 cl,1.62,8.1,fever tree,bebidas
vino tinto roble tempranillo celeste do ribera del duero 75 cl,75 cl,10.45,13.933333333333332,celeste,bebidas
cerveza grimbergen blonde botella 33 cl,botella 33 cl,2.19,6.636363636363636,grimbergen,bebidas
vino do rueda blanco verdejo protos 75 cl,75 cl,7.65,10.200000000000001,protos,bebidas
vino blanco semi dulce bach do cataluna 75 cl,75 cl,4.39,5.853333333333333,bach,bebidas
cerveza amstel radler pack 12 latas de 33 cl,pack 12 latas de 33 cl,9.39,0.7825000000000001,amstel,bebidas
cava jaume serra brut nature 75 cl,75 cl,3.95,5.266666666666667,jaume serra,bebidas
vino tinto crianza vina cumbrero doca rioja 75 cl,75 cl,6.45,8.6,vina cumbrero,bebidas
refresco de cola pepsi botella 50 cl,botella 50 cl,1.52,3.04,pepsi,bebidas
zumo tropical 100 natural bifrutas sin azucar anadido botella 24 cl,botella 24 cl,0.99,4.125,bifrutas,bebidas
tinto de verano carrefour sensation con zumo de limon lata 33 cl,lata 33 cl,0.62,1.8787878787878787,carrefour,bebidas
coca cola sin cafeina botella 2 l,botella 2 l,2.09,1.045,coca cola scaf,bebidas
vermut forteni blanco 1 l,1 l,2.89,2.89,carrefour,bebidas
vino tinto portia do ribera del duero 75 cl,75 cl,11.29,15.053333333333333,portia,bebidas
vino lambrusco rosato casteldiserra 75 cl,75 cl,2.15,2.8666666666666667,castel di serra,bebidas
cerveza coronita pack de 6 botellas de 21 cl,pack de 6 botellas de 21 cl,6.05,4.801587301587301,coronita,bebidas
zumo de pinamanzana y uva don simon brik 1 l ,brik 1 l,1.67,1.67,don simon,bebidas
vino tinto crianza marques de valido do ca rioja 75 cl,75 cl,5.35,7.133333333333333,marques de valido,bebidas
cava castell del llac brut do cava 75 cl,75 cl,3.69,4.92,castell del llac,bebidas
cerveza san miguel especial lager pack de 24 botellas de 25 cl,pack de 24 botellas de 25 cl,11.25,1.875,san miguel,bebidas
whisky dyc 70 cl,70 cl,10.45,14.928571428571429,dyc,bebidas
refresco de limon con gas kas 2 l,2 l,1.78,0.89,kas limon,bebidas
vino blanco verdejo ecologico marques de riscal do rueda 75 cl,75 cl,9.15,12.200000000000001,marques de riscal,bebidas
vino blanco joven verdejo blume do rueda 75 cl,75 cl,6.25,8.333333333333334,blume,bebidas
cerveza mahou sin alcohol pack de 6 botellas de 25 cl,pack de 6 botellas de 25 cl,3.49,2.3266666666666667,mahou sin,bebidas
kombucha dragon lemonade flax  kale lata 33 cl,lata 33 cl,2.55,7.727272727272727,flax  kale,bebidas
red bull bebida energetica pack 8 latas 25 cl,pack 8 latas,10.25,1.28125,red bull,bebidas
vino do valdepenas tinto senorio de los llanos 75 cl,75 cl,2.05,2.733333333333333,senorio de los llanos,bebidas
cerveza sin alcohol pack de 6 botellas de 25 cl,pack de 6 botellas de 25 cl,2.15,1.4333333333333333,carrefour,bebidas
cerveza la estrella de galicia botella 33 cl,botella 33 cl,1.16,3.5151515151515147,estrella galicia,bebidas
vino blanco ecologico vina sol do cataluna 75 cl,75 cl,5.69,7.586666666666667,vina sol,bebidas
zumo de tomate 100 premium granini botella 1 l,botella 1 l,3.15,3.15,granini,bebidas
vino frizzante blanco verdejo yllera 55 75 cl,75 cl,6.95,9.266666666666667,yllera 55 verdejo,bebidas
zumo de frutas del bosque sunny delight blue botella 125 l,botella 125 l,1.99,0.01592,sunny delight,bebidas
pepsi zero azucar zero cafeina pack de 2 botellas de 175 cl,pack de 2 botellas de 175 cl,3.29,0.9400000000000001,pepsi zero scaf,bebidas
monster energy juiced mixxd punch bebida energetica lata 50 cl,lata 50 cl,1.79,3.58,monster sabores,bebidas
cerveza sin filtrar mahou 5 estrellas lata 33 cl,lata 33 cl,0.99,3.0,mahou,bebidas
vino tinto barrica tempranillo federico paternina banda azul vendimia seleccionada doca rioja 75 cl,75 cl,7.59,10.12,federico paternina banda azul,bebidas
cerveza alhambra reserva 1925 pack de 12 botellas de 33 cl,pack de 12 botellas de 33 cl,15.85,4.002525252525253,alhambra,bebidas
fanta de naranja zero pack 2 botellas 2 l,pack 2 botellas,3.63,1.815,fanta naranja zero,bebidas
bebida de naranja y mango carrefour classic sin azucar anadido brik 1 l,brik 1 l,1.39,1.39,carrefour,bebidas
carrefour energy bebida energenica sabor mango lata 50 cl,lata 50 cl,1.13,2.26,carrefour,bebidas
nestea te verde con mango pina bajo en calorias botella 15 l,botella 15 l,2.09,0.13933333333333334,nestea,bebidas
vermut monte esquinza rojo 1 l,1 l,3.65,3.65,carrefour,bebidas
vino rosado penascal lata 25 cl,lata 25 cl,2.25,9.0,penascal,bebidas
vermut martini rojo 15 l,15 l,15.99,1.066,martini,bebidas
vino tinto senorio extremeno 5 l,5 l,5.89,1.178,senorio extremeno,bebidas
kas narajanja pack de 2 botellas de 2 l,pack de 2 botellas de 2 l,3.35,0.8375,kas naranja,bebidas
zumo de uva roja ecologico carrefour bio brik 1 l,brik 1 l,2.25,2.25,carrefour bio,bebidas
fanta de limon pack 9 latas 33 cl,pack 9 latas,6.93,0.77,fanta limon,bebidas
zumo de pina carrefour brik 1 l,brik 1 l,1.75,1.75,carrefour,bebidas
cerveza daura sin gluten botella 33 cl,botella 33 cl,1.47,4.454545454545454,estrella damm,bebidas
whisky dyc 1 l,1 l,14.65,14.65,dyc,bebidas
refresco de naranja zero carrefour classic botella 15 l,botella 15 l,1.23,0.082,carrefour,bebidas
ginebra rives original 1 l,1 l,13.19,13.19,rives,bebidas
whisky jb escoces 1 l,1 l,17.39,17.39,jb,bebidas
zumo multifrutas carrefour exprimido brik 1 l,brik 1 l,1.99,1.99,carrefour,bebidas
cerveza amstel 00 sin alcohol radler con limon pack de 12 latas de 33 cl,pack de 12 latas de 33 cl,9.09,2.2954545454545454,amstel,bebidas
tinto de verano carrefour sensation con zumo de limon sin alcohol y sin azucar anadido lata 33 cl,lata 33 cl,0.62,1.8787878787878787,carrefour,bebidas
cerveza mahou 5 estrellas radler con zumo natural de limon lata 33 cl,lata 33 cl,0.8,2.4242424242424243,mahou,bebidas
coca cola light pack 9 latas 33 cl,pack 9 latas,8.09,0.8988888888888888,coca cola light,bebidas
sprite de lima limon bajo en azucar pack 2 botellas 2 l,pack 2 botellas,3.25,1.625,sprite,bebidas
la casera sabor cola lata 33 cl,lata 33 cl,0.65,1.9696969696969697,la casera,bebidas
fuze tea sabor melocoton y hibisco botella 15 l,botella 15 l,2.15,0.14333333333333334,fuze tea,bebidas
schweppes limon zero botella 15 l,botella 15 l,1.85,0.12333333333333334,schweppes,bebidas
cerveza san miguel especial sin gluten botella 33 cl,botella 33 cl,1.1,3.3333333333333335,san miguel,bebidas
vino blanco marques de vizhoja 75 cl,75 cl,7.19,9.586666666666668,marques de vizhoja,bebidas
zumo mediterraneo original bifrutas pack de 6 briks de 20 cl,pack de 6 briks de 20 cl,2.49,2.075,bifrutas,bebidas
combinado  smirnoff ice lata 25 cl,lata 25 cl,2.19,8.76,smirnoff,bebidas
eneryeti freshyeti sabor platano bebida energetica lata 50 cl,lata 50 cl,1.0,2.0,primer precio sin marca,bebidas
monster energy green bebida energetica pack de 4 latas 50 cl,pack de 4 latas,6.69,1.6725,monster,bebidas
te verde carrefour classic 15 l,15 l,0.99,0.066,carrefour,bebidas
vino blanco joven fuentevina 75 cl,75 cl,1.44,1.92,Desconocida,bebidas
ron anejo brugal 70 cl,70 cl,15.39,21.985714285714288,brugal,bebidas
vino rosado joven tres reinos doca rioja 75 cl,75 cl,2.85,3.8000000000000003,3 reinos,bebidas
cerveza polar pilsen lata 33 cl,lata 33 cl,1.17,3.545454545454545,polar,bebidas
tonica fever tree mediterranean botella 20 cl ,botella 20 cl,1.62,8.1,fever tree,bebidas
monster energy rehab bebida energetica lata 50 cl,lata 50 cl,1.95,3.9,monster,bebidas
zumo de naranja don simon brik 1 l,brik 1 l,1.92,1.92,don simon,bebidas
kombucha jengibre limon ecologico carrefour bio botella 250 ml,botella 250 ml,2.45,9.8,carrefour bio,bebidas
cerveza tostada estrella galicia 00 alcohol pack 10 latas de 33 cl ,pack 10 latas de 33 cl,9.35,0.9349999999999999,estrella galicia,bebidas
zumo tropical carrefour pack de 6 briks de 20 cl,pack de 6 briks de 20 cl,2.25,1.875,carrefour,bebidas
bebida de fruta arandanos y uva granini sin azucares anadidos botella 1 l,botella 1 l,3.25,3.25,granini,bebidas
coca cola zero azucar zero cafeina pack 24 latas 33 cl,pack 24 latas,19.2,0.7999999999999999,coca cola zero scaf,bebidas
coca cola pack 4 botellas 50 cl,pack 4 botellas,5.29,1.3225,coca cola,bebidas
tonica schweppes con toque de lima premium botella 20 cl,botella 20 cl,1.94,9.7,schweppes,bebidas
trina de limon sin gas zero botella 15 l,botella 15 l,1.77,0.11800000000000001,trina,bebidas
carrefour sensation isofresh bebida isotonica blue botella 15 l,botella 15 l,1.55,0.10333333333333333,carrefour,bebidas
monster energy ultra white bebida energetica sin azucar pack 4 latas 50 cl,pack 4 latas,6.69,1.6725,monster ultra,bebidas
crema irlandesa baileys 70 cl,70 cl,15.85,22.642857142857142,baileys,bebidas
cerveza negra bock damm munich lata 33 cl,lata 33 cl,1.1,3.3333333333333335,bock damm,bebidas
sidra el gaiter sin gluten 75 cl,75 cl,2.89,3.8533333333333335,el gaitero,bebidas
zumo multifrutas exprimido carrefour extra brik de 1 l,brik de 1 l,1.8,1.8,carrefour,bebidas
gaseosa la casera limon 0 calorias y azucares lata 33 cl,lata 33 cl,0.68,2.0606060606060606,la casera,bebidas
classic bebida energetica pack 6 latas 25 cl,pack 6 latas,2.39,0.3983333333333334,carrefour,bebidas
vino rosado bleu de mer do pays doc 75 cl,75 cl,7.49,9.986666666666666,bleu de mer,bebidas
vino tinto 3 reinos do valdepenas 75 cl  ,75 cl,1.65,2.1999999999999997,carrefour,bebidas
zumo multifrutas carrefour classic pack de 6 briks de 20 cl,pack de 6 briks de 20 cl,2.65,2.2083333333333335,carrefour,bebidas
coca cola light pack 2 botellas 2 l,pack 2 botellas,3.99,1.995,coca cola light,bebidas
zumo california sunny delight 125 l,125 l,1.99,0.01592,sunny delight,bebidas
cerveza alhambra especial pack de 12 latas de 33 cl,pack de 12 latas de 33 cl,9.25,2.335858585858586,alhambra,bebidas
monster energy ultra watermelon bebida energetica sin azucar lata 50 cl,lata 50 cl,1.79,3.58,monster,bebidas
vino tinto crianza mucho mas 75 cl,75 cl,7.25,9.666666666666666,mucho mas,bebidas
don simon te frio sabor limon sin calorias cero calorias lata 33 cl ,lata 33 cl,0.55,1.6666666666666667,don simon,bebidas
red bull bebida energetica sin azucar lata 355 cl,lata 355 cl,2.15,0.6056338028169014,red bull,bebidas
zumo de frutas y leche carrefour sabor mediterraneo brik 1 l,brik 1 l,0.95,0.95,carrefour,bebidas
whisky ballantines finest 1 l,1 l,19.35,19.35,ballantines,bebidas
agua con gas maison perrier sabor lima 50 cl,50 cl,1.05,2.1,perrier,bebidas
cerveza artesana carrefour sensation sin gluten botella 33 cl,botella 33 cl,1.1,3.3333333333333335,carrefour,bebidas
tonica royal bliss signature lata 25 cl,lata 25 cl,0.82,3.28,royal bliss,bebidas
cerveza mahou rose lata 33 cl,lata 33 cl,0.96,2.9090909090909087,mahou,bebidas
vino tinto joven sangre de toro do cataluna 75 cl,75 cl,5.59,7.453333333333333,sangre de toro,bebidas
vino rosado clarete carrizal doca rioja 75 cl,75 cl,3.2,4.266666666666667,carrefour,bebidas
agua mineral natural font vella con toque de sabor a manzana sin azucar 115 l,115 l,1.9,0.01652173913043478,font vella,bebidas
vino frizzante blanco verdejo amaranta 75 cl,75 cl,2.69,3.5866666666666664,amaranta,bebidas
vitamin well boost sabor a arandanos y frambuesa sanmy botella 50 cl ,botella 50 cl,2.25,4.5,vitamin well,bebidas
cava castell del llac semi seco 75 cl,75 cl,3.69,4.92,castell del llac,bebidas
cerveza estrella damm mediterranea pack de 12 botellas de 25 cl,pack de 12 botellas de 25 cl,8.15,2.716666666666667,estrella damm,bebidas
tinto de verano clasico sin alcohol la casera botella 15 l,botella 15 l,2.55,0.16999999999999998,la casera,bebidas
vino moscatel cortijo de ceret do valencia 75 cl,75 cl,3.89,5.1866666666666665,carrefour,bebidas
cerveza el alcazar botella 33 cl,botella 33 cl,1.2,3.6363636363636362,alcazar,bebidas
zumo de fruta y leche carrefour tropical sin lactosa pack de 6 briks de 20 cl,pack de 6 briks de 20 cl,2.25,1.875,carrefour,bebidas
licor de hierbas puntemino 70 cl,70 cl,6.09,8.700000000000001,carrefour,bebidas
tonica schweppes con hibiscus premium botella 20 cl,botella 20 cl,1.94,9.7,schweppes,bebidas
vino fino crianza bajo velo flor pedro ximenez la sultana domontilla moriles 75 cl,75 cl,3.29,4.386666666666667,la sultana,bebidas
vino blanco semidulce emparrado 75 cl,75 cl,3.35,4.466666666666667,emparrado,bebidas
kas de limon pack de 2 botellas de 2 l,pack de 2 botellas de 2 l,3.35,0.8375,kas limon,bebidas
mojito bacardi lata 25 cl,lata 25 cl,2.79,11.16,bacardi,bebidas
schweppes naranja botella 15 l,botella 15 l,1.85,0.12333333333333334,schweppes,bebidas
burn zero peach bebida energetica sin azucar lata 50 cl ,lata 50 cl,1.2,2.4,burn,bebidas
kombucha lemon fantasy flax  kale lata 33 cl,lata 33 cl,2.55,7.727272727272727,flax  kale,bebidas
cerveza heineken lager 00 alcohol pack 12 latas 33 cl,pack 12 latas,9.85,0.8208333333333333,heineken,bebidas
aquarius sabor limon pack 4 botellas 15 l,pack 4 botellas,7.88,1.97,aquarius,bebidas
fanta de frambuesa zero azucar botella 125 l,botella 125 l,1.7,0.0136,fanta,bebidas
vino blanco joven palomino pazo do ribeiro 75 cl,75 cl,5.39,7.1866666666666665,pazo ribeiro,bebidas
vino tinto tempranillo finca resalso do ribera del duero 75 cl,75 cl,11.45,15.266666666666666,finca resalso,bebidas
vino tinto barrica tempranillo tinta fina yllera do ribera del duero 75 cl,75 cl,11.09,14.786666666666667,yllera,bebidas
vino tinto joven tempranillo pradorey do ribera del duero 75 cl,75 cl,8.05,10.733333333333334,pradorey roble origen,bebidas
coca cola zero azucar pack 4 botellas 50 cl,pack 4 botellas,5.29,1.3225,coca cola zero,bebidas
vino tinto joven tempranillo enrique i  do ribera del duero 75 cl,75 cl,3.89,5.1866666666666665,enrique i,bebidas
cerveza tostada turia pack 12 latas 33 cl,pack 12 latas,10.95,0.9125,turia,bebidas
vino manzanilla muy fina do sanlucar de barrameda  75 cl,75 cl,4.85,6.466666666666666,muyfina,bebidas
tonica schweppes pink zero botella 1 l,botella 1 l,2.15,2.15,schweppes,bebidas
zumo de frambuesa y cereza innocent botella 33 cl,botella 33 cl,2.59,7.848484848484848,innocent,bebidas
red bull pack 24 latas 25 cl,pack 24 latas,22.8,0.9500000000000001,red bull,bebidas
powerade ice storm bebida isotonica zero azucar botella 50 cl,botella 50 cl,1.6,3.2,powerade,bebidas
tinto de verano sandevid con limon 2 l,2 l,2.99,1.495,sandevid,bebidas
vino rosado el coto doca rioja 75 cl,75 cl,4.79,6.386666666666667,coto,bebidas
aquarius sabor limon pack de 9 latas de 33 cl,pack de 9 latas de 33 cl,8.05,2.7104377104377106,aquarius,bebidas
zumo de naranja carrefour ecologico exprimido sin pulpa brik 1 l,brik 1 l,2.69,2.69,carrefour bio,bebidas
vino tinto joven fuentevina tirilla vendimia seleccionada 75 cl,75 cl,1.51,2.013333333333333,Desconocida,bebidas
prime bebida isotonica strawberry watermelon 500 ml ,500 ml,3.29,6.58,prime,bebidas
vino blanco crianza sobre lias verdejo cuatro rayas do rueda 75 cl,75 cl,8.85,11.799999999999999,cuatro rayas,bebidas
cerveza tostada amstel oro pack 12 latas 33 cl,pack 12 latas,9.95,0.8291666666666666,amstel,bebidas
cerveza mahou 5 estrellas especial pack de 28 latas de 33 cl,pack de 28 latas de 33 cl,22.49,2.4339826839826837,mahou,bebidas
vino blanco albarino vinabade do rias baixas 75 cl,75 cl,13.19,17.586666666666666,vinabade,bebidas
ginebra tanqueray 70 cl,70 cl,16.49,23.557142857142857,tanqueray,bebidas
zumo de fruta y leche carrefour tropical pack de 6 briks de 20 cl,pack de 6 briks de 20 cl,1.2,1.0,carrefour,bebidas
fanta de limon zero lata 33 cl,lata 33 cl,0.8,2.4242424242424243,fanta limon zero,bebidas
cerveza carrefour holandesa lata 50 cl,lata 50 cl,0.45,0.9,carrefour,bebidas
gaseosa la casera 0 calorias y azucares botella 50 cl,botella 50 cl,0.9,1.8,la casera,bebidas
cerveza carrefour extra malta lata de 33 cl,lata de 33 cl,0.53,1.606060606060606,carrefour,bebidas
aquarius sabor limon zero azucar sin calorias botella 15 l,botella 15 l,1.99,0.13266666666666665,aquarius zero,bebidas
cola carrefour classic zero botella 2 l,botella 2 l,0.75,0.375,carrefour,bebidas
refresco sabor naranja carrefour classic lata 33 cl,lata 33 cl,0.37,1.121212121212121,carrefour,bebidas
nestea limon lata 33 cl,lata 33 cl,0.99,3.0,nestea,bebidas
cerveza san miguel especial lager lata 50 cl,lata 50 cl,1.09,2.18,san miguel,bebidas
refresco sabor naranja zero carrefour classic lata 33 cl,lata 33 cl,0.37,1.121212121212121,carrefour,bebidas
zumo de naranja recien exprimido carrefour 1 l,1 l,6.19,6.19,carrefour,bebidas
agua mineral lanjaron 2 l,2 l,0.95,0.475,lanjaron,bebidas
cerveza amstel 00 radler con zumo natural de limon lata 33 cl,lata 33 cl,0.86,2.606060606060606,amstel,bebidas
monster energy ultra strawberry dreams bebida energetica sin azucar lata 50 cl,lata 50 cl,1.79,3.58,monster,bebidas
cerveza alhambra reserva 1925 pack de 6 botellas de 33 cl,pack de 6 botellas de 33 cl,6.96,3.515151515151515,alhambra,bebidas
agua mineral aquabona 15 l,15 l,0.69,0.046,aquabona,bebidas
cerveza mahou 5 estrellas sin gluten lata 33 cl,lata 33 cl,0.91,2.7575757575757573,mahou,bebidas
zumo de naranja recien exprimido carrefour 500 ml,500 ml,3.89,7.78,carrefour,bebidas
cerveza estrella galicia especial pack de 24 latas de 33 cl,pack de 24 latas de 33 cl,14.99,1.8926767676767677,estrella galicia,bebidas
red bull bebida energetica lata 355 cl,lata 355 cl,2.15,0.6056338028169014,red bull,bebidas
tonica schweppes zero lata 33 cl,lata 33 cl,0.96,2.9090909090909087,schweppes,bebidas
revoltosa limon 2 l,2 l,0.71,0.355,revoltosa,bebidas
sprite de lima limon bajo en azucar lata 33 cl,lata 33 cl,0.65,1.9696969696969697,sprite,bebidas
pepsi zero azucar lima pack de 9 latas de 33 cl,pack de 9 latas de 33 cl,7.35,2.4747474747474745,pepsi zero,bebidas
zumo de melocoton y uva ecologico carrefour bio exprimido pack de 3 briks de 20 cl,pack de 3 briks de 20 cl,2.29,3.816666666666667,carrefour bio,bebidas
kombucha pina colada ecologico komvida 25 cl,25 cl,2.85,11.4,komvida,bebidas
coca cola pack de 4 botellas de 20 cl,pack de 4 botellas de 20 cl,4.65,5.8125,coca cola,bebidas
kombucha de mango ecologico komvida sin gluten botella 25 cl,botella 25 cl,2.89,11.56,komvida,bebidas
vitamin well hydrate sabor a fresa 500 ml,500 ml,2.25,4.5,vitamin well,bebidas
carrefour sensation isofresh bebida isotonica yellow botella 50 cl,botella 50 cl,0.7,1.4,carrefour,bebidas
vino tinto reserva dehesas del rey do ribera del duero 75 cl,75 cl,11.15,14.866666666666667,dehesas del rey,bebidas
vino tinto reserva tempranillo coto de imaz doca rioja 75 cl,75 cl,8.65,11.533333333333333,coto de imaz,bebidas
pepsi pack de 12 latas de 33 cl,pack de 12 latas de 33 cl,8.79,2.2196969696969693,pepsi,bebidas
vino rosado rufete mateus 75 cl,75 cl,4.99,6.653333333333333,mateus,bebidas
vino tinto crianza azpilicueta doca rioja 75 cl,75 cl,9.79,13.053333333333333,azpilicueta,bebidas
cerveza leffe brune negra botella 33 cl,botella 33 cl,2.29,6.9393939393939394,leffe,bebidas
nectar de pomelo rosa granini seleccion botella 1 l,botella 1 l,2.99,2.99,granini,bebidas
prime ice pop bebida isotonica botella 50 cl,botella 50 cl,2.89,5.78,prime,bebidas
sidra kopparberg sabor fresa y lima lata 50 cl,lata 50 cl,2.59,5.18,kopparberg,bebidas
vodka absolut sprite lata 25 cl,lata 25 cl,2.85,11.4,absolut vodka  sprite,bebidas
cerveza stella artois botella 33 cl,botella 33 cl,1.93,5.848484848484848,stella artois,bebidas
kombucha te verde fermentado con concentrado de fresa y arandano ecologico carrefour bio 250 ml,250 ml,2.45,9.8,carrefour,bebidas
vino tinto crianza tempranillo altos de penalen doca rioja 75 cl,75 cl,2.89,3.8533333333333335,Desconocida,bebidas
zumo de melocoton manzana y uva don simon pack de 6 briks de 20 cl,pack de 6 briks de 20 cl,2.09,1.7416666666666667,don simon,bebidas
kombucha jengibre y limon ecologico komvida sin gluten 75 cl,75 cl,8.09,10.786666666666667,komvida,bebidas
licor jgermeister 70 cl,70 cl,14.39,20.55714285714286,jgermeister,bebidas
vino dulce carrefour pedro ximenez dojerez xeres sherry 75 cl,75 cl,6.59,8.786666666666667,carrefour,bebidas
cerveza estrella galicia sin gluten pack de 6 botellas de 25 cl,pack de 6 botellas de 25 cl,4.65,3.1,estrella galicia,bebidas
cerveza 1906 reserva especial pack 12 botellas 33 cl,pack 12 botellas,14.39,1.1991666666666667,1906,bebidas
cerveza alhambra especial sin alcohol botella 1 l,botella 1 l,1.89,1.89,alhambra,bebidas
vermut yzaguirre rojo 1 l,1 l,9.29,9.29,yzaguirre,bebidas
trina de limon sin gas botella 15 l,botella 15 l,1.77,0.11800000000000001,trina,bebidas
bebida de fruta pina juver sin azucar anadido pack de 6 briks de 20 cl,pack de 6 briks de 20 cl,2.99,2.491666666666667,disfruta,bebidas
tonica royal bliss aromatic berry botella 20 cl,botella 20 cl,1.34,6.7,royal bliss,bebidas
vino tinto vina mayor do ribera del duero 75 cl,75 cl,11.45,15.266666666666666,vina mayor,bebidas
bebida espirituosa altorreal 1 l,1 l,6.95,6.95,carrefour,bebidas
bebida refrescante mixta de leche y zumo de frutas bifrutas dark 330 ml,330 ml,1.36,4.121212121212121,bifrutas,bebidas
cerveza mahou mixta shandy con limon pack de 12 latas de 33 cl,pack de 12 latas de 33 cl,9.59,2.4217171717171717,mahou mixta,bebidas
refresco carrefour classic sabor fresa botella 15 l,botella 15 l,1.41,0.094,carrefour,bebidas
cerveza tostada amstel oro 00 alcohol pack 12 latas 33 cl,pack 12 latas,11.35,0.9458333333333333,amstel,bebidas
coca cola sabor vanilla lata 33 cl,lata 33 cl,2.29,6.9393939393939394,coca cola,bebidas
zumo de manzana don simon brik 1 l,brik 1 l,1.64,1.64,don simon,bebidas
fanta de naranja zero pack 6 latas 33 cl,pack 6 latas,4.59,0.765,fanta naranja zero,bebidas
combinado bacardi breezer ron con sandia 275 cl,275 cl,2.55,0.9272727272727272,bacardi,bebidas
limonnada sin gas minute maid botella 1 l,botella 1 l,1.86,1.86,limonnada,bebidas
vino tinto tempranillo vina espolon  doca rioja 75 cl,75 cl,4.79,6.386666666666667,vina espolon,bebidas
zumo de naranja 100 premium granini botella 1 l,botella 1 l,4.05,4.05,granini,bebidas
vitamin well awake sabor frambuesa botella 50 cl,botella 50 cl,2.25,4.5,vitamin well,bebidas
vino tinto vina lobon botella 75 cl,botella 75 cl,2.39,3.186666666666667,vina lobon,bebidas
vino blanco frizzante moscato barbadillo vi 75 cl,75 cl,8.35,11.133333333333333,barbadillo vi cool,bebidas
zumo de pina 100 premium granini botella 1 l,botella 1 l,3.15,3.15,granini,bebidas
cerveza guinness original irlandesa negra botella 33 cl,botella 33 cl,2.35,7.121212121212121,guinness,bebidas
pacharan andui 1 l,1 l,7.25,7.25,carrefour,bebidas
zumo de pina y mango carrefour seleccion exprimido botella 75 cl,botella 75 cl,2.39,3.186666666666667,carrefour,bebidas
cerveza daura marzen lager sin gluten botella 33 cl,botella 33 cl,1.54,4.666666666666667,daura,bebidas
bebida de fruta de naranja y mango con extracto de guarana juver brik 33 cl,brik 33 cl,1.14,3.454545454545454,juver,bebidas
sofresh sensation bebida isotonica sabor citricos lata 33 cl,lata 33 cl,0.51,1.5454545454545454,carrefour,bebidas
ginebra larios 15 l,15 l,18.49,1.2326666666666666,larios,bebidas
bebida funcional antiox granada juver sin azucar anadida 1 l,1 l,2.25,2.25,juver,bebidas
vino blanco joven albarino pazo da torre albarino do rias baixas 75 cl,75 cl,9.89,13.186666666666667,pazo da torre,bebidas
vino do valdepenas rosado tempranillo vina lobon 75 cl,75 cl,1.76,2.3466666666666667,vina lobon,bebidas
cerveza peroni botella 33 cl,botella 33 cl,1.64,4.969696969696969,peroni,bebidas
vino tinto crianza beronia doca rioja 75 cl,75 cl,8.49,11.32,beronia,bebidas
tinto de verano carrefour sensation clasico lata 33 cl,lata 33 cl,0.62,1.8787878787878787,carrefour,bebidas
cava blanco bonaval brut do cava 75 cl,75 cl,3.99,5.32,bonaval,bebidas
cerveza rubia heineken lager pack 12 botellas 25 cl,pack 12 botellas,7.35,0.6124999999999999,heineken,bebidas
licor aperitivo aperol 70 cl,70 cl,13.65,19.5,aperol,bebidas
cava anna codorniu brut 75 cl,75 cl,9.15,12.200000000000001,anna de codorniu,bebidas
monster energy juiced monarch bebida energetica lata 50 cl,lata 50 cl,1.79,3.58,monster,bebidas
prime bebida isotonica lemonade botella 50 cl,botella 50 cl,2.89,5.78,prime,bebidas
vino tinto roble tempranillo enrique i do ribera de duero 75 cl,75 cl,4.45,5.933333333333334,enrique i,bebidas
cava bach extrisimo brut nature 75 cl,75 cl,5.79,7.72,bach,bebidas
vino do ribera del duero tinto tres reinos 75 cl,75 cl,3.79,5.053333333333334,carrefour,bebidas
tonica royal bliss signature zero azucar lata 25 cl,lata 25 cl,0.82,3.28,royal bliss,bebidas
vino rosado sabasan donavarra 75 cl,75 cl,2.09,2.7866666666666666,sabasan,bebidas
whisky jack daniels con coca cola zero azucar lata 33 cl,lata 33 cl,3.15,9.545454545454545,coca cola,bebidas
salitos pink 33 cl,33 cl,2.09,6.333333333333333,salitos,bebidas
vino frances rosado joven la cave daugustin florent cotes provence 75 cl,75 cl,6.05,8.066666666666666,ctes de provence,bebidas
bebida multifrutas granini sin azucares anadidos botella 1 l,botella 1 l,3.25,3.25,granini,bebidas
vino blanco verdejo cuatro rayas do rueda 75 cl,75 cl,8.05,10.733333333333334,cuatro rayas,bebidas
fanta de naranja mini pack 6 latas 20 cl,mini pack 6 latas,3.59,0.5983333333333333,fanta naranja,bebidas
sidra la asturiana 75 cl,75 cl,1.92,2.56,la asturiana,bebidas
mosto carrefour tinto botella 1 l,botella 1 l,2.55,2.55,carrefour,bebidas
trina de manzana sin gas zero botella 15 l,botella 15 l,1.77,0.11800000000000001,trina,bebidas
fuze tea te sabor limon pack 6 latas 33 cl,pack 6 latas,5.09,0.8483333333333333,fuze tea,bebidas
vino do montilla moriles fino deley 75 cl,75 cl,3.29,4.386666666666667,deley,bebidas
fuze tea te sabor limon pack 2 botellas 15 l,pack 2 botellas,3.89,1.945,fuze tea,bebidas
sandevid spritz lata 25 cl,lata 25 cl,2.09,8.36,sandevid,bebidas
whiskey jack daniels 70 cl,70 cl,20.9,29.857142857142858,jack daniels,bebidas
zumo de naranja sin pulpa ecologico carrefour bio 75 cl,75 cl,2.95,3.9333333333333336,carrefour bio,bebidas
ginger ale schweppes botella 1 l,botella 1 l,2.29,2.29,schweppes,bebidas
vino rosado joven tempranillo marques de caceres doca rioja 75 cl,75 cl,6.55,8.733333333333333,marques de caceres,bebidas
vino tinto reserva licenciado do rioja 75 cl,75 cl,14.95,19.933333333333334,licenciado,bebidas
vino lambrusco rosso signora dei duchi 75 cl,75 cl,5.05,6.733333333333333,signoria dei duchi,bebidas
vino tinto carrefour classic pack 3 brik 187 cl,pack 3 brik,1.45,0.48333333333333334,carrefour,bebidas
bebida de fruta de arandano rojo carrefour sensation brik 1 l,brik 1 l,2.45,2.45,carrefour,bebidas
vino tinto joven tempranillo marques dospalacios vendimia seleccionada 75 cl,75 cl,1.3,1.7333333333333334,carrefour,bebidas
vino lambrusco rosato signoria dei duchi 75 cl,75 cl,5.05,6.733333333333333,signoria dei duchi,bebidas
vino tinto reserva estola do la mancha 75 cl,75 cl,4.45,5.933333333333334,estola,bebidas
cava bonaval semiseco do cava 75 cl,75 cl,3.99,5.32,bonaval,bebidas
ron miel carum 70 cl,70 cl,6.89,9.842857142857143,carrefour,bebidas
zumo de melocoton manzana y uva don simon brik 1 l,brik 1 l,1.64,1.64,don simon,bebidas
cava castell del llac brut rosado do cava 75 cl,75 cl,3.65,4.866666666666666,castell del llac,bebidas
cerveza free damm lager 00 sin alcohol sin gluten pack de 6 botellas de 25 cl,pack de 6 botellas de 25 cl,3.79,2.526666666666667,damm,bebidas
cerveza cruzcampo shandy con limon pack de 6 botellas de 25 cl,pack de 6 botellas de 25 cl,3.75,2.5,cruzcampo,bebidas
whisky ballantines escoces 15 l,15 l,28.4,1.8933333333333333,ballantines,bebidas
tequila jose cuervo especial reposado 70 cl,70 cl,18.79,26.84285714285714,jose cuervo,bebidas
ginebra old thames pink 70 cl,70 cl,7.15,10.214285714285715,old thames,bebidas
zumo de naranja con pulpa innocent botella 900 ml,botella 900 ml,3.59,3.9888888888888885,innocent,bebidas
bebida espirituosa soberano 1 l,1 l,10.65,10.65,soberano,bebidas
kombucha te verde ecologico carrefour bio botella 250 ml,botella 250 ml,2.45,9.8,carrefour bio,bebidas
cava freixenet semiseco pack de 3 botellas de 20 cl,pack de 3 botellas de 20 cl,8.39,13.983333333333334,mini nevada,bebidas
bebida de fruta de pina juver brik 2 l,brik 2 l,2.15,1.075,juver,bebidas
cerveza coors botella 33 cl,botella 33 cl,1.48,4.484848484848484,coors,bebidas
estuche de 2 botellas de vino tinto crianza 75 cl  1 botella de vino tinto crianza el coto do ca rioja 50 cl,75 cl,14.29,19.05333333333333,el coto,bebidas
zumo de naranja sin azucar anadido juver disfruta brik 2 l,brik 2 l,3.95,1.975,disfruta,bebidas
cava freixenet cordon negro gran seleccion brut 75 cl,75 cl,9.49,12.653333333333334,freixenet,bebidas
bebida de fruta zanahoria y naranja granini sin azucares anadidos botella 1 l,botella 1 l,3.39,3.39,granini,bebidas
vino blanco albarino martin codax do rias baixas 75 cl,75 cl,14.49,19.32,martin codax,bebidas
cerveza tostada amstel oro 00 alcohol pack de 6 botellas de 25 cl,pack de 6 botellas de 25 cl,5.49,3.66,amstel,bebidas
cerveza shandy cruzcampo sabor limon pack 12 latas 33 cl,pack 12 latas,9.19,0.7658333333333333,cruzcampo,bebidas
coca cola botella 1 l,botella 1 l,2.79,2.79,coca cola,bebidas
gin tonic beefeater lata 25 cl,lata 25 cl,2.49,9.96,beefeater,bebidas
cerveza budweiser lager botella 33 cl,botella 33 cl,1.59,4.818181818181818,budweiser,bebidas
aquarius sabor naranja pack 4 botellas 15 l,pack 4 botellas,7.88,1.97,aquarius,bebidas
vino blanco joven viura blume do rueda 75 cl,75 cl,5.55,7.3999999999999995,blume,bebidas
sofresh sensation bebida isotonica sabor naranja lata 33 cl,lata 33 cl,0.51,1.5454545454545454,carrefour,bebidas
pepsi zero azucar zero cafeina pack 9 latas 33 cl,pack 9 latas,6.89,0.7655555555555555,pepsi zero scaf,bebidas
vermut cinzano rojo 1 l,1 l,8.95,8.95,cinzano,bebidas
nectar de pera granini seleccion botella 1 l,botella 1 l,2.99,2.99,granini,bebidas
vino blanco moscatel de alejandria ecologico vina esmeralda do penedes 75 cl,75 cl,8.69,11.586666666666666,vina esmeralda,bebidas
aquarius sabor naranja pack de 9 latas de 33 cl,pack de 9 latas de 33 cl,8.05,2.7104377104377106,aquarius,bebidas
whisky dewars white label escoces 70 cl,70 cl,15.49,22.12857142857143,dewars,bebidas
cerveza el aguila dorada pack de 6 botellas de 20 cl,pack de 6 botellas de 20 cl,3.35,2.791666666666667,el aguila,bebidas
red bull bebida energetica sin azucar pack 4 latas 25 cl,pack 4 latas,5.55,1.3875,red bull sugar free,bebidas
tonica carrefour sensation pack de 6 botellas de 20 cl,pack de 6 botellas de 20 cl,2.79,2.325,carrefour,bebidas
zumo de 10 frutas y vitaminas sin azucar anadido juver  disfruta brik 2 l,brik 2 l,3.85,1.925,disfruta,bebidas
sidra el gaitero sin alcohol etiqueta verde sin gluten 75 cl,75 cl,3.09,4.12,el gaitero,bebidas
combinado bacardi breezer ron con naranja 275 cl,275 cl,2.69,0.9781818181818182,bacardi,bebidas
bebida de zumo de frutas y avena via nature botella 75 cl,botella 75 cl,2.69,3.5866666666666664,via nature,bebidas
vino tinto reserva tempranillo faustino v do ca rioja 75 cl,75 cl,8.59,11.453333333333333,faustino,bebidas
cerveza budweiser lager pack de 6 botellas de 25 cl,pack de 6 botellas de 25 cl,5.35,3.5666666666666664,budweiser,bebidas
vino dulce joven malvar dulce maria do vinos de madrid 75 cl,75 cl,4.25,5.666666666666667,dulce maria,bebidas
kombucha frutos rojos ecologica komvida sin gluten 75 cl,75 cl,7.39,9.853333333333333,komvida,bebidas
gaseosa postobon la colombiana sabor cola botella 2 l,botella 2 l,3.49,1.745,postobon,bebidas
zumo de manzana granada tomate y frambuesa plus hierro hohes c botella 1 l,botella 1 l,3.19,3.19,hohes c,bebidas
zumo de naranja con pulpa ecologico carrefour bio brik 1 l,brik 1 l,2.79,2.79,carrefour bio,bebidas
vino generoso cortijo ceret do manzanilla sanlucar de barrameda 75 cl,75 cl,4.25,5.666666666666667,carrefour,bebidas
cerveza roja alhambra reserva pack de 4 botellas de 33 cl,pack de 4 botellas de 33 cl,6.65,5.037878787878788,alhambra,bebidas
zumo tropical innocent botella 900 ml,botella 900 ml,3.19,3.5444444444444443,innocent,bebidas
vino tinto reserva gran vendema doca rioja 75 cl,75 cl,6.65,8.866666666666667,gran vendema,bebidas
zumo de pina sin azucar anadido juver disfruta brik 2 l,brik 2 l,4.35,2.175,disfruta,bebidas
vino fino palomino fino tio pepe do jerez xeres sherry 75 cl,75 cl,8.89,11.853333333333333,tio pepe,bebidas
ron bacardi con coca cola lata 25 cl,lata 25 cl,2.79,11.16,bacardi,bebidas
cerveza mahou mixta shandy sabor limon pack de 6 botellas de 25 cl,pack de 6 botellas de 25 cl,4.29,2.86,mahou,bebidas
vodka absolut sprite watermelon lata 25 cl,lata 25 cl,2.89,11.56,absolut vodka  sprite,bebidas
ginebra nordes premium 70 cl,70 cl,27.9,39.857142857142854,nordes,bebidas
nectar de pomelo carrefour classic brik 1 l,brik 1 l,1.71,1.71,carrefour,bebidas
licor de hierbas geistluchs 70 cl,70 cl,6.09,8.700000000000001,carrefour,bebidas
vino frizzante amabile rosado bollicina 75 cl,75 cl,2.69,3.5866666666666664,bollicina,bebidas
vino blanco joven verdejo jose pariente do rueda 75 cl,75 cl,12.39,16.52,jose pariente,bebidas
ron dorado lupe 70 cl,70 cl,7.39,10.557142857142857,lupe,bebidas
vino tinto roble tempranillo vina espolon do ribera del duero 75 cl,75 cl,6.0,8.0,vina espolon,bebidas
vino frances rosado reserva de monrouby reflets de france 75 cl,75 cl,7.49,9.986666666666666,reflets de france,bebidas
zumo de manzana sin azucar anadido juver disfruta brik 2 l,brik 2 l,3.85,1.925,disfruta,bebidas
monster juiced bebida energetica mango loco pack 4 latas 50 l,pack 4 latas,6.69,1.6725,monster sabores,bebidas
nectar de melocoton juver sin azucar anadido brik 2 l,brik 2 l,3.95,1.975,disfruta,bebidas
bebida de fruta melocoton sin azucar anadido juver disfruta pack de 6 brik de 20 cl,pack de 6 brik de 20 cl,2.99,2.491666666666667,disfruta,bebidas
ginebra xpress 70 cl,70 cl,4.95,7.071428571428572,Desconocida,bebidas
nectar de melocoton juver brik 2 l,brik 2 l,2.15,1.075,juver,bebidas
vino blanco joven 3 reinos do valdepenas 75 cl,75 cl,1.57,2.0933333333333333,carrefour,bebidas
vino blanco verdejo marques de caceres do rueda 75 cl,75 cl,7.85,10.466666666666667,marques de caceres,bebidas
zumo de melocoton y uva ecologico carrefour bio brik 1 l,brik 1 l,2.55,2.55,carrefour bio,bebidas
orujo blanco puntemino 70 cl,70 cl,7.09,10.12857142857143,carrefour,bebidas
pepsi zero azucar pack de 4 botellas de 175 l,pack de 4 botellas de 175 l,6.39,0.009128571428571429,pepsi zero,bebidas
ron carum 70 cl,70 cl,6.65,9.500000000000002,carrefour,bebidas
caja de 6 botella de vino tinto reserva faustino rivero ulecia do utiel requena 75 cl,75 cl,23.9,31.866666666666664,faustino rivero ulecia,bebidas
agua mineral natural bezoya grifo 3 l,3 l,2.15,0.7166666666666667,bezoya,bebidas
zumo de arandano ocean spray light brik 1 l,brik 1 l,2.25,2.25,ocean spray,bebidas
zumo de fresa sunny delight botella 125 l ,botella 125 l,1.99,0.01592,sunny delight,bebidas
sidra el gaitero achampanada extra botella sin gluten 75 cl,75 cl,3.75,5.0,el gaitero,bebidas
vino tinto tempranillo tinta fina vina pedrosa coleccion barricas do ribera del duero 75 cl,75 cl,17.59,23.453333333333333,vina pedrosa,bebidas
vodka eristoff premium black 70 cl,70 cl,13.39,19.12857142857143,eristoff,bebidas
vino frizzante rosado joven capel 75 cl,75 cl,3.39,4.5200000000000005,joven capel,bebidas
7up zero de lima limon sin azucar pack 9 latas 33 cl,pack 9 latas,4.95,0.55,7up,bebidas
kas naranja pack de 9 latas de 33 cl,pack de 9 latas de 33 cl,6.09,2.05050505050505,kas naranja,bebidas
tonica schweppes pomelo y baya del nepal botella 20 cl,botella 20 cl,1.91,9.549999999999999,schweppes,bebidas
sidra de nuestra tierra dop asturias natural 70 cl,70 cl,3.35,4.7857142857142865,de nuestra tierra,bebidas
ron bacardi carta blanca 70 cl,70 cl,15.35,21.92857142857143,bacardi,bebidas
zumo de naranja carrefour extra sin pulpa pack 6 briks 20 cl,pack 6 briks,2.79,0.465,carrefour,bebidas
tonica fever tree light botella 20 cl,botella 20 cl,1.62,8.1,fever tree,bebidas
cerveza el aguida dorada pack de 12 latas de 33 cl,pack de 12 latas de 33 cl,11.99,3.0277777777777777,el aguila,bebidas
vino frizzante blanco joven capel 75 cl,75 cl,3.39,4.5200000000000005,joven capel,bebidas
limoncello carrefour 50 cl,50 cl,5.15,10.3,carrefour,bebidas
cava freixenet rose 75 cl,75 cl,8.39,11.186666666666667,freixenet,bebidas
nectar melocoton granini botella 15 l,botella 15 l,4.59,0.306,granini,bebidas
vino tinto crianza tempranillo vina pomal doca rioja 75 cl,75 cl,8.05,10.733333333333334,vina pomal,bebidas
don simon te frio sabor melocoton sin calorias cero calorias lata 33 cl,lata 33 cl,0.58,1.7575757575757573,don simon,bebidas
anis la castellana dulce 70 cl,70 cl,8.55,12.214285714285715,castellana,bebidas
mosto greip tinto botella 1 l,botella 1 l,2.85,2.85,greip,bebidas
vino tinto habla de la tierra vt extremadura 75 cl,75 cl,7.65,10.200000000000001,habla de la tierra,bebidas
gintonic london dry tanqueray lata 250 ml,lata 250 ml,3.09,12.36,tanqueray,bebidas
nectar de platano granini seleccion botella 1 l,botella 1 l,2.99,2.99,granini,bebidas
whisky johnnie walker 70 cl,70 cl,30.0,42.85714285714286,johnnie walker,bebidas
cava freixenet premiun carta nevada brut 75 cl,75 cl,6.95,9.266666666666667,freixenet,bebidas
vino tinto envejecido en roble tempranillo protos do ribera del duero 75 cl,75 cl,13.75,18.333333333333332,protos,bebidas
vino do valencia blanco amatista 75 cl,75 cl,3.35,4.466666666666667,amatista,bebidas
vino do mancha rosado tempranillo vina lobon 75 cl,75 cl,1.45,1.9333333333333333,vina lobon,bebidas
limonada con lima con gas don simon lata 33 cl,lata 33 cl,0.86,2.606060606060606,don simon,bebidas
vino do valdepenas tinto gran reserva vina lobon 75 cl,75 cl,4.19,5.586666666666667,vina lobon,bebidas
vino tinto joven tempranillo bardesano doca rioja 75 cl,75 cl,4.29,5.72,carrefour,bebidas
green cola zero azucar botella 15 l,botella 15 l,1.88,0.12533333333333332,green cola,bebidas
zumo de mango maracuya y ginseng via nature botella 75 cl,botella 75 cl,2.69,3.5866666666666664,via nature,bebidas
vino do ca rioja tinto reserva 3 reinos 75 cl,75 cl,4.19,5.586666666666667,3 reinos,bebidas
anis dulce altorreal 1 l,1 l,7.85,7.85,carrefour,bebidas
ron negrita anejo 1 l,1 l,13.55,13.55,negrita,bebidas
vino do rias baixas blanco albarino mar de frades 75 cl,75 cl,20.1,26.8,mar de frades,bebidas
zumo de naranja don simon pack de 6 briks de 20 cl,pack de 6 briks de 20 cl,2.69,2.2416666666666667,don simon,bebidas
bebida funcional inmune naranja mandarina juver sin azucar anadida 1 l,1 l,2.25,2.25,juver,bebidas
vino do mancha blanco airen vina lobon 75 cl,75 cl,1.45,1.9333333333333333,vina lobon,bebidas
vino do valdepenas tinto crianza tres reinos 75 cl,75 cl,2.95,3.9333333333333336,carrefour,bebidas
zumo de arandano ocean spray brik 75 cl,brik 75 cl,2.25,3.0,ocean spray,bebidas
cerveza tostada san miguel 00 alcohol pack de 12 latas de 33 cl,pack de 12 latas de 33 cl,6.89,1.7398989898989898,san miguel,bebidas
vino tinto reserva tempranillo marques de caceres doca rioja 75 cl,75 cl,13.39,17.853333333333335,marques de caceres,bebidas
mosto carrefour blanco botella 1 l ,botella 1 l,2.55,2.55,carrefour,bebidas
cerveza tostada ambar export pack 9 latas 33 cl,pack 9 latas,9.55,1.0611111111111111,ambar,bebidas
bitter kas sin alcohol pack de 6 botellas de 20 cl,pack de 6 botellas de 20 cl,6.09,5.075,bitter kas,bebidas
sidra ecologica maeloc achampanada extra botella 75 cl,botella 75 cl,3.05,4.066666666666666,maeloc,bebidas
vino tinto reserva ramon bilbao doca rioja 75 cl,75 cl,15.99,21.32,ramon bilbao,bebidas
coca cola light pack 24 latas 33 cl,pack 24 latas,19.2,0.7999999999999999,coca cola light,bebidas
vino tinto reserva marques de riscal doca rioja 75 cl,75 cl,19.05,25.400000000000002,marques de riscal,bebidas
whisky dyc 8 anos 70 cl,70 cl,14.45,20.642857142857142,dyc,bebidas
ron brugal anejo superior 175 l,175 l,33.3,0.19028571428571428,brugal,bebidas
vino fino cortijo de ceret dojerez xeres sherry 75 cl,75 cl,3.89,5.1866666666666665,carrefour,bebidas
ron malibu con coco 70 cl,70 cl,12.95,18.5,malibu,bebidas
licor frenet branca 70 cl,70 cl,19.99,28.557142857142857,fernet branca,bebidas
nectar de pina granini botella 15 l,botella 15 l,4.25,0.2833333333333333,granini,bebidas
sidra strongbow cider sabor manzana lata 50 cl,lata 50 cl,2.15,4.3,strongbow,bebidas
schweppes ginger beer  chile botella 20 cl,botella 20 cl,1.94,9.7,schweppes premium,bebidas
prime bebida isotonica sabor strawberry y banana botella 50 cl,botella 50 cl,3.29,6.58,prime,bebidas
cava anna codorniu brut nature do cava 75 cl,75 cl,9.69,12.92,anna de codorniu,bebidas
zumo de manzana guayaba y lima innocent botella 33 cl,botella 33 cl,2.59,7.848484848484848,innocent,bebidas
brandy torres 10 reserva imperial botella 70 cl,botella 70 cl,12.95,18.5,torres,bebidas
agua mineral bezoya 1 l,1 l,0.67,0.67,bezoya,bebidas
monster energy bebida energetica sin azucar lata 50 cl,lata 50 cl,1.79,3.58,monster,bebidas
nestea te verde con maracuya bajo en calorias botella 15 l,botella 15 l,2.09,0.13933333333333334,nestea,bebidas
fanta de naranja botella 50 cl,botella 50 cl,1.6,3.2,fanta naranja,bebidas
nestea limon botella 15 l,botella 15 l,2.09,0.13933333333333334,nestea,bebidas
aquarius sabor naranja botella 50 cl,botella 50 cl,1.64,3.28,aquarius,bebidas
cerveza estrella galicia especial pack de 24 botellas de 25 cl,pack de 24 botellas de 25 cl,14.35,2.3916666666666666,estrella galicia,bebidas
cola revoltosa 2 l,2 l,0.71,0.355,revoltosa,bebidas
aquarius sabor limon zero azucar sin calorias lata 33 cl,lata 33 cl,0.99,3.0,aquarius zero,bebidas
coca cola zero azucar pack 2 botellas 2 l,pack 2 botellas,3.99,1.995,coca cola zero,bebidas
cerveza 1906 reserva especial lata 33 cl,lata 33 cl,1.2,3.6363636363636362,1906,bebidas
vino blanco verdejo dama del lago do rueda 75 cl,75 cl,3.45,4.6000000000000005,dama del lago,bebidas
monster energy lando norris bebida energetica sin azucar lata 50 cl,lata 50 cl,1.79,3.58,monster,bebidas
energy drink zero bebida energetica carrefour lata 25 cl,lata 25 cl,0.4,1.6,carrefour,bebidas
cerveza tostada saer brau 00 sin alcohol lata 33 cl,lata 33 cl,0.46,1.393939393939394,carrefour,bebidas
powerade ice storm bebida isotonica con tapon sport botella 50 cl,botella 50 cl,1.6,3.2,powerade,bebidas
agua mineral carrefour 5 l,5 l,1.06,0.21200000000000002,carrefour,bebidas
cerveza el leon clasica lata 33 cl,lata 33 cl,0.43,1.303030303030303,el leon,bebidas
tonica schweppes botella 1 l,botella 1 l,1.93,1.93,schweppes,bebidas
cerveza san miguel especial lager pack de 28 latas de 33 cl,pack de 28 latas de 33 cl,19.89,2.1525974025974026,san miguel,bebidas
cerveza heineken lager lata 50 cl,lata 50 cl,1.57,3.14,heineken,bebidas
gaseosa la casera cero azucares y calorias botella 15 l,botella 15 l,1.25,0.08333333333333333,la casera,bebidas
cerveza saer brau radler sabor limon lata 33 cl,lata 33 cl,0.41,1.2424242424242422,carrefour,bebidas
agua mineral carrefour 1 l,1 l,0.4,0.4,carrefour,bebidas
ginebra larios rose premium 70 cl,70 cl,15.85,22.642857142857142,larios,bebidas
vino do toro tinto tempranillo moralinos 75 cl,75 cl,5.25,7.0,moralinos,bebidas
cerveza amstel radler con limon pack de 6 botellas de 25 cl,pack de 6 botellas de 25 cl,4.45,2.966666666666667,amstel,bebidas
ginebra larios 12 premium 70 cl,70 cl,15.85,22.642857142857142,larios,bebidas
vino tinto syrah habla del silencio vt extremadura 75 cl,75 cl,11.89,15.853333333333333,habla del silencio,bebidas
vino tinto joven mencia rectoral de amandi vendimia seleccionada do ribeira sacra 75 cl,75 cl,6.69,8.92,rectoral de amandi,bebidas
nectar de naranja granini botella 15 l,botella 15 l,4.29,0.286,granini,bebidas
kombucha de te verde ecologico komvida sin gluten botella 25 cl,botella 25 cl,2.79,11.16,komvida,bebidas
vino tinto roble tempranillo bardesano do ribera del duero 75 cl,75 cl,6.69,8.92,carrefour,bebidas
licor 43 70 cl,70 cl,16.55,23.642857142857146,licor 43,bebidas
vermut yzaguirre reserva rojo 1 l,1 l,13.39,13.39,yzaguirre,bebidas
vino tinto reserva bardesano doca rioja 75 cl,75 cl,6.79,9.053333333333333,carrefour,bebidas
vino dulce criaderas y soleras cortijo ceret cream do jerez xeres sherry 75 cl,75 cl,4.39,5.853333333333333,carrefour,bebidas
vino tinto crianza tempranillo enrique i  do ribera del duero 75 cl,75 cl,5.25,7.0,enrique i,bebidas
sidra el gaitero sin alcohol sin gluten botella 25 cl,botella 25 cl,1.09,4.36,el gaitero,bebidas
vino tinto tinta de toro matsu el picaro do toro 75 cl,75 cl,9.15,12.200000000000001,matsu el picaro,bebidas
fanta strawberrykiwi lata 33 cl,lata 33 cl,2.39,7.242424242424242,fanta sabores,bebidas
monster energy aussie style lemonade bebida energetica lata 50 cl,lata 50 cl,1.79,3.58,monster,bebidas
vino tinto crianza tempranillo glorioso doca rioja 75 cl,75 cl,8.25,11.0,glorioso,bebidas
limonada carrefour botella 1 l,botella 1 l,2.09,2.09,carrefour,bebidas
oshee zero bebida vitaminada lima limon y vitaminas sin azucar 555 cl,555 cl,1.73,0.3117117117117117,oshee,bebidas
zumo paraiso original bifrutas pack de 3 briks 330 ml,pack de 3 briks,2.65,0.8833333333333333,bifrutas,bebidas
cerveza alhambra especial pack 6 botellas de 25 cl,pack 6 botellas de 25 cl,3.29,0.5483333333333333,alhambra,bebidas
brandy de jerez magno solera reserva 1 l,1 l,18.89,18.89,magno,bebidas
vino do rioja tinto reserva baron de ley 75 cl,75 cl,8.79,11.719999999999999,baron de ley,bebidas
vino frances rosado joven les terrasses du golfe 75 cl,75 cl,7.65,10.200000000000001,les terrasses du golfe,bebidas
whisky quarter horse bourbon 70 cl,70 cl,9.55,13.642857142857144,quarter horse,bebidas
vino tinto crianza enate do somontano 75 cl,75 cl,11.09,14.786666666666667,enate,bebidas
vermut martini blanco 15 l,15 l,15.99,1.066,martini,bebidas
vino do ribera del duero tinto roble tres reinos 75 cl,75 cl,5.59,7.453333333333333,carrefour,bebidas
tonica royal bliss signature botella 20 cl,botella 20 cl,1.34,6.7,royal bliss,bebidas
ron bacardi limon lata 25 cl ,lata 25 cl,2.75,11.0,bacardi,bebidas
powerade bebida isotonica sabor golden mango botella 1 l,botella 1 l,3.15,3.15,powerade,bebidas
sidra de nuestra tierra natural 75 cl,75 cl,3.65,4.866666666666666,de nuestra tierra,bebidas
vino rosado mencia alma atlantica 75 cl,75 cl,8.69,11.586666666666666,alma atlantica,bebidas
vino tinto de mesa cumbre de gredos brik 1 l,brik 1 l,1.85,1.85,cumbres de gredos,bebidas
ginebra nordes premium 1 l,1 l,36.37,36.37,nordes,bebidas
ginebra beefeater 1 l,1 l,19.75,19.75,beefeater,bebidas
cerveza tostada cruzcampo gran reserva malta pack de 10 latas de 33 cl,pack de 10 latas de 33 cl,8.79,2.6636363636363636,cruzcampo,bebidas
cerveza tostada azul chimay belga trapense botella 33 cl,botella 33 cl,3.59,10.878787878787877,chimay,bebidas
vino frizzante blanco verdejo aviva 75 cl,75 cl,3.85,5.133333333333334,aviva,bebidas
cerveza 1906 red vintage la colorada pack de 6 botellas 33 cl,pack de 6 botellas,7.75,1.2916666666666667,1906,bebidas
cerveza tostada victoria 00 alcohol sin gluten lata 33 cl,lata 33 cl,0.77,2.3333333333333335,victoria,bebidas
vino tinto condado de oriza do ribera de duero 75 cl,75 cl,11.55,15.4,409,bebidas
brandy de jerez solera altorreal 70 cl,70 cl,5.49,7.842857142857143,carrefour,bebidas
whisky cutty sark escoces 175 l,175 l,26.8,0.15314285714285714,cutty sark,bebidas
agua vitaminada revitalizante hohes c sabor limon y lima sin azucar anadido botella 50 cl,botella 50 cl,2.25,4.5,hohes c,bebidas
cerveza mahou maestra dunkel lager oscura botella 33 cl,botella 33 cl,1.5,4.545454545454545,mahou maestra,bebidas
nuggets de pollo carrefour classic 500 g,500 g,2.69,5.38,carrefour,congelados
patatas congeladas extra finas carrefour 1 kg,1 kg,1.93,1.93,carrefour,congelados
hielo en cubitos carrefour 2 kg,2 kg,1.11,0.555,carrefour,congelados
pizza prosciutto ristorante dr oetker 340 g,340 g,3.75,11.029411764705882,ristorante,congelados
pizza quattro formaggi ristorante dr oetker 340 g,340 g,3.75,11.029411764705882,ristorante,congelados
pizza 4 quesos carrefour 340 g,340 g,2.15,6.323529411764705,carrefour,congelados
pizza prosciutto carrefour 330 g,330 g,2.15,6.515151515151515,carrefour,congelados
hamburguesa de pollo congelada simons food 3x80g,3x80,1.29,0.016125,Desconocida,congelados
sandwich de nata carrefour 6 ud,6 ud,1.39,0.23166666666666666,carrefour,congelados
bases de pizza artesanas extrafinas carrefour pack de 3 bases de 125 g,pack de 3 bases de 125 g,1.6,12.8,carrefour,congelados
piccolinis jamon y queso buitoni 270 g,270 g,4.15,15.37037037037037,buitoni,congelados
guisantes carrefour 1 kg,1 kg,1.65,1.65,carrefour,congelados
patatas fritas clasicas carrefour 1 kg,1 kg,2.05,2.05,carrefour,congelados
conos con helado de nata y fresa con salsa de fresa carrefour 4 ud,4 ud,1.78,0.445,carrefour,congelados
tarta helada laminada de nata carrefour 525 g,525 g,1.99,3.7904761904761903,carrefour,congelados
canelones de carne price 300 g,300 g,1.08,3.6000000000000005,primer precio sin marca,congelados
lasana bolonesa carrefour extra 500 g,500 g,2.59,5.18,carrefour,congelados
conos con helado de nata y chocolate con trozos de almendras tostadascarrefour 4 ud,4 ud,1.78,0.445,carrefour,congelados
bombon chocolate con leche almendras y vainilla carefour 8 ud,8 ud,4.39,0.54875,carrefour,congelados
mini bombon helado clasico y almendrado carrefour extra 8 ud,8 ud,2.89,0.36125,carrefour,congelados
lasana de carne price 300 g,300 g,1.23,4.1000000000000005,primer precio sin marca,congelados
salteado verdura campestres carrefour 600 g,600 g,1.45,2.4166666666666665,carrefour,congelados
pizza bolonesa carrefour 375 g,375 g,2.25,6.0,carrefour,congelados
mini bombon helado de almendras negro blanco y chocolate extra carrefour 8 ud,8 ud,2.15,0.26875,carrefour,congelados
surtido de setas carrefour 450 g,450 g,1.61,3.577777777777778,carrefour,congelados
medallones de filete de merluza pescanova 400 g,400 g,7.39,18.474999999999998,pescanova,congelados
helado pirulo fantasmikos nestle sin gluten 15 ud,15 ud,5.49,0.366,pirulo,congelados
empanadillas de atun recetas artesanas la cocinera 312 g,312 g,5.49,17.596153846153847,la cocinera,congelados
guisantes finos findus 1 kg,1 kg,4.69,4.69,findus,congelados
helado de dulce de leche hagen dazs sin gluten 460 ml,460 ml,7.89,17.152173913043477,haagen dazs,congelados
verduras asadas con patata carrefour 400 g,400 g,1.55,3.875,carrefour,congelados
filete de merluza sin piel congelado 850 g,850 g,7.85,9.235294117647058,el mercado,congelados
bombon helado magnum classic 3 ud,3 ud,2.99,0.9966666666666667,magnum,congelados
albondigas de pollo congeladas simons food 1 kg,1 kg,6.49,6.49,Desconocida,congelados
pannini barbacoa dr oetker 250 g,250 g,3.25,13.0,droetker,congelados
cuartos de pollo congelado 2 kg,2 kg,5.9,2.95,Desconocida,congelados
patatas fritas especial horno carrefour classic 600 g,600 g,1.68,2.8,carrefour,congelados
bloque de helado de turron carrefour 520 g,520 g,2.49,4.788461538461538,carrefour,congelados
filetes de merluza argentina carrefour extra 1 kg,1 kg,10.79,10.79,carrefour,congelados
helado de nata clasico cornetto 4 uds,4 uds,2.99,0.7475,cornetto,congelados
helado de lima limon calippo sin gluten 5 ud,5 ud,5.15,1.03,calippo,congelados
bombon mini helado de vainilla almond magnum sin gluten 6 ud,6 ud,5.55,0.9249999999999999,magnum,congelados
pizza carbonara ristorante dr oetker 340 g,340 g,3.75,11.029411764705882,ristorante,congelados
lomo de salmon carrefour 3x100 g,3x100,7.43,0.07429999999999999,carrefour,congelados
gamba cruda pequena pelada pescatrade 400 g,400 g,5.5,13.75,marca nacional sin marca,congelados
pizza vegetal carrefour 350 g,350 g,2.25,6.428571428571429,carrefour,congelados
bombon helado mini magnum classic 6 ud,6 ud,2.99,0.49833333333333335,magnum,congelados
pizza de salami ristorante dr oetker sin gluten y sin lactosa 315 g ,315 g,3.75,11.904761904761905,ristorante,congelados
arepa de maiz blanco goya 450 g,450 g,3.19,7.088888888888889,goya,congelados
coliflor carrefour classic 1 kg,1 kg,2.15,2.15,carrefour,congelados
pizza margherita la bomba italpizza 440 g,440 g,5.19,11.795454545454547,marca nacional sin marca,congelados
pizza prosciutto funghi ristorante dr oetker 350 g,350 g,3.75,10.714285714285715,ristorante,congelados
helado de cheesecake con fresas hagen dazs 460 ml,460 ml,7.89,17.152173913043477,haagen dazs,congelados
pizza double salamino la bomba italpizza 465 g,465 g,5.19,11.161290322580646,marca nacional sin marca,congelados
croquetas de jamon serrano sabrosisimas la cocinera 500 g,500 g,4.55,9.1,la cocinera,congelados
porras fritas congeladas carrefour original 250 g,250 g,2.09,8.36,carrefour,congelados
filetes de merluza argentina simpl 600 g,600 g,5.09,8.483333333333334,simpl,congelados
anillos a la romana receta clasica pescanova sin gluten 400 g ,400 g,4.25,10.625,pescanova,congelados
pizza de champinones y jamon cocido buitoni 375 g,375 g,4.75,12.666666666666666,buitoni,congelados
mini pizzas 3 quesos carrefour 270 g,270 g,2.65,9.814814814814813,carrefour,congelados
helado de vainilla de madagascar carte dor les classiques 900 ml,900 ml,4.49,4.988888888888889,carte dor,congelados
mini pizzas bolonesa carrefour 270 g,270 g,2.65,9.814814814814813,carrefour,congelados
tarta helada al whisky carrefour 535 g,535 g,3.19,5.962616822429906,carrefour,congelados
tempura de verduras carrefour sensation 400 g,400 g,2.69,6.725,carrefour,congelados
pizza salame mozzarella pesto ristorante dr oetker 360 g,360 g,3.75,10.416666666666668,ristorante,congelados
helado de stracciatella carrefour 900 ml,900 ml,3.09,3.433333333333333,carrefour,congelados
lasana bolonesa carrefour pack de 2 unidades de 500 g,pack de 2 unidades de 500 g,4.49,4.49,carrefour,congelados
pizza vegetal ristorante dr oetker 385 g,385 g,3.75,9.74025974025974,ristorante,congelados
tapas para empanada dona petrona 410 g,410 g,3.25,7.926829268292684,dona petrona,congelados
bombon helado frac magnum sin gluten 3 ud,3 ud,5.05,1.6833333333333333,magnum,congelados
rabas empanadas carrefour extra 400 g,400 g,3.39,8.475,carrefour,congelados
pizza funghi ristorante dr oetker 365 g,365 g,3.75,10.273972602739727,ristorante,congelados
gamba pelada cruda mediana carrefour 360 g,360 g,5.95,16.52777777777778,carrefour,congelados
helado de vainilla con nueces de macadamia carrefour sensation sin gluten 300 g,300 g,2.99,9.966666666666669,carrefour,congelados
gambas salvajes peladas crudas ultracongeladas carrefour 400 g,400 g,5.55,13.874999999999998,carrefour,congelados
lomos de merluza carrefour extra 400 g,400 g,4.55,11.374999999999998,carrefour,congelados
helado sorbete de mango carrefour 600 g,600 g,2.25,3.75,carrefour,congelados
alcachofa cortada carrefour classic 400 g,400 g,2.65,6.624999999999999,carrefour,congelados
helado bombon utopia double nociola magnum 3 uds,3 uds,5.49,1.83,magnum,congelados
ajo congelado carrefour 100 g,100 g,2.09,20.9,carrefour,congelados
gyozas de pollo vici 400 g,400 g,4.39,10.974999999999998,vici,congelados
pizza hawaii ristorante dr oetker 355 g,355 g,3.75,10.563380281690142,ristorante,congelados
pizza formaggi la bomba italpizza 450 g,450 g,5.19,11.533333333333333,marca nacional sin marca,congelados
chipirones rebozados al huevo pescanova 250 g,250 g,4.29,17.16,pescanova,congelados
medallones de merluza carrefour extra 480 g,480 g,5.15,10.729166666666668,carrefour,congelados
piccolinis 3 quesos buitoni 270 g,270 g,4.15,15.37037037037037,buitoni,congelados
tarrina de capuccino extra carrefour sin gluten 602 g,602 g,3.25,5.398671096345515,carrefour,congelados
arroz milanesa carrefour 500 g,500 g,2.29,4.58,carrefour,congelados
verdura para paella congelada carrefour 450 g,450 g,1.27,2.8222222222222224,carrefour,congelados
croquetas de jamon iberico carrefour extra 350 g,350 g,2.19,6.257142857142857,carrefour,congelados
rodaja de merluza argentina ultracongelado carrefour el mercado 450 g,450 g,3.95,8.777777777777779,el mercado,congelados
helado de chocolate belga hagen dazs sin gluten 460 ml,460 ml,7.89,17.152173913043477,haagen dazs,congelados
pizza de mozzarella carrefour 340 g,340 g,2.25,6.617647058823529,carrefour,congelados
helado de chocolate con pepitas chocolate belga sensation carrefour sin gluten 500 ml,500 ml,2.99,5.98,carrefour,congelados
conos con helado de nata cornetto mini classico frigo 6 ud,6 ud,5.59,0.9316666666666666,cornetto,congelados
palitos de mar carrefour 450 g,450 g,2.15,4.777777777777778,carrefour,congelados
bombon helado sabor nata y chocolate negro black carrefour 4 ud,4 ud,3.19,0.7975,carrefour,congelados
guisantes muy tiernos carrefour classic 300 g,300 g,1.05,3.5000000000000004,carrefour,congelados
conos de helado choco bom sensation carrefour 4 ud,4 ud,3.55,0.8875,carrefour,congelados
helado con yogur y frutas del bosque carte dor 480 g,480 g,5.59,11.645833333333334,carte dor,congelados
conos con helado de vainilla y chocolate mix mediano extra carrefour 8 ud,8 ud,3.25,0.40625,carrefour,congelados
bombon helado de frutas del bosque utopia magnum 3 ud,3 ud,5.49,1.83,magnum,congelados
croquetas de setas carrefour extra 350 g,350 g,2.09,5.9714285714285715,carrefour,congelados
bombon helado con chocolate blanco y galleta collection magnum 3 ud,3 ud,5.05,1.6833333333333333,magnum,congelados
helado chunky monkey ben  jerrys 465 ml,465 ml,6.99,15.032258064516128,benjerrys,congelados
edamame vainas de soja carrefour 500 g,500 g,1.73,3.46,carrefour,congelados
base de pizza la cocinera pack de 4 bases de 130 g,pack de 4 bases de 130 g,3.89,29.923076923076923,la cocinera,congelados
carne de mejillon cocida 275 g,275 g,2.35,8.545454545454545,el mercado,congelados
pizza vegetal fina y crujiente forno di pietra buitoni 380 g,380 g,3.65,9.605263157894736,buitoni,congelados
patatas gofre carrefour extra 600 g,600 g,2.39,3.983333333333334,carrefour,congelados
acelgas en hoja carrefour 400 g,400 g,1.34,3.35,carrefour,congelados
preparado vegano tipo hamburguesa a base de proteina de soja garden gourmet 226 g,226 g,5.15,22.787610619469028,garden gourmet,congelados
bombones helados de frambuesa banada en chocolate blanco y con leche franui sin gluten 150 g,150 g,5.19,34.6,franui,congelados
filetes de merluza sin piel ultracongelados pescanova 400 g,400 g,5.95,14.875,pescanova,congelados
pizza 4 quesos carrefour 600 g,600 g,4.65,7.750000000000001,carrefour,congelados
pannini 4 quesos dr oetker 250 g,250 g,3.25,13.0,panini,congelados
calamar crudo troceado y limpio de la india congelado carrefour 475 g,475 g,4.95,10.421052631578949,carrefour,congelados
tinta de sepia congelada 2 ud de 4 g,4 g,0.31,77.5,marca nacional sin marca,congelados
mini bombon helado clasico almendras y chocolate blanco magnum sin gluten 10 ud,10 ud,6.75,0.675,magnum,congelados
espinacas con pasas y pinones salteados findus 400 g,400 g,4.29,10.725,findus,congelados
langostino vannamei cocido 3240 carrefour classic 800 g,800 g,7.89,9.862499999999999,carrefour,congelados
helado de stracciatella carte dor 500 g,500 g,5.59,11.18,carte dor,congelados
arepa de maiz blanco el dorado sin gluten 5 ud,5 ud,4.05,0.8099999999999999,el dorado,congelados
patata steakhouse especial horno carrefour classic 600 g,600 g,2.19,3.65,carrefour,congelados
mix 3 verduras zanahoria brocoli coliflor carrefour classic 1 kg,x 3,1.99,0.6633333333333333,carrefour,congelados
nuggets con queso recetas crujientes la cocinera 350 g,350 g,4.95,14.142857142857144,la cocinera,congelados
guisante fino findus 400 g,400 g,3.05,7.624999999999999,findus,congelados
coles de bruselas carrefour 450 g,450 g,1.65,3.6666666666666665,carrefour,congelados
pizza 5 quesos italpizza 410 g,410 g,3.55,8.658536585365853,marca nacional sin marca,congelados
pizza vegana margherita pomodori ristorante dr oetker 340 g,340 g,3.75,11.029411764705882,droetker,congelados
alcachofas baby carrefour classic 300 g,300 g,3.05,10.166666666666666,carrefour,congelados
verduras para pisto ultracongelado classic carrefour 450 g,450 g,2.59,5.7555555555555555,carrefour,congelados
pizza especial carrefour 350 g,350 g,2.25,6.428571428571429,carrefour,congelados
hamburguesa clasica garden gourmet 150 g,150 g,3.59,23.933333333333334,garden gourmet,congelados
helado de nueces de macadamia hagen dazs sin gluten 460 ml,460 ml,7.89,17.152173913043477,haagen dazs,congelados
arroz con mucho pavo alinut 240 g,240 g,1.84,7.666666666666667,fripozo,congelados
san jacobos recetas crujientes la cocinera 388 g,388 g,5.55,14.304123711340205,la cocinera,congelados
pizza de jamon y queso carrefour 580 g,580 g,4.65,8.017241379310345,carrefour,congelados
calamar limpio 400 g,400 g,7.19,17.975,pescanova,congelados
sandwich de nata con caramelo maxibon waffle nestle 4 ud,4 ud,6.49,1.6225,maxibon,congelados
pizza de 4 quesos bella napoli buitoni 345 g,345 g,4.75,13.768115942028986,buitoni,congelados
muslitos de mar carrefour 500 g,500 g,3.05,6.1,carrefour,congelados
zanahoria baby carrefour 400 g,400 g,1.21,3.025,carrefour,congelados
mezcla de setas cocinadas con ajo y perejil carrefour 450 g,450 g,3.05,6.777777777777777,carrefour,congelados
pizza de atun carrefour 350 g,350 g,2.25,6.428571428571429,carrefour,congelados
varitas de merluza pescanova 450 g,450 g,3.85,8.555555555555555,pescanova,congelados
patatas prefritas con piel carrefour 600 g,600 g,1.44,2.4,carrefour,congelados
pizza de peperoni ahumado carrefour 320 g,320 g,2.25,7.03125,carrefour,congelados
baguettes de jamon y queso carrefour 250 g,250 g,1.99,7.96,carrefour,congelados
pizza barbacoa forno di pietra buitoni 330 g,330 g,3.65,11.06060606060606,buitoni,congelados
croquetas de jamon carrefour classic 500 g,500 g,1.4,2.8,carrefour,congelados
corazones de filete de merluza congelados pescanova 500 g,500 g,7.39,14.78,pescanova,congelados
patatas fritas clasicas carrefour classic 25 kg,25 kg,3.89,0.15560000000000002,carrefour,congelados
pizza speciale ristorante dr oetker 345 g,345 g,3.75,10.869565217391305,ristorante,congelados
fingers de queso mozzarella carrefour 400 g,400 g,3.19,7.975,carrefour,congelados
relleno para fajitas de pimientos pollo y cebolla carrefour 300 g,300 g,2.05,6.833333333333333,carrefour,congelados
pizza barbacoa ristorante dr oetker 340 g,340 g,3.75,11.029411764705882,ristorante,congelados
pizza de atun ristorante dr oetker 355 g,355 g,3.75,10.563380281690142,ristorante,congelados
croquetas de pollo carrefour extra 500 g,500 g,1.52,3.04,carrefour,congelados
judias verdes planas carrefour classic 1 kg,1 kg,1.6,1.6,carrefour,congelados
pizza regina carrefour 365 g,365 g,2.25,6.164383561643835,carrefour,congelados
mini pizzas de jamon y queso carrefour 270 g,270 g,2.65,9.814814814814813,carrefour,congelados
mini bombon helado clasico almendras y chocolate blanco magnum sin gluten 6 ud,6 ud,5.55,0.9249999999999999,magnum,congelados
bombon helado de vainilla con almendras magnum sin gluten 3 ud,3 ud,5.05,1.6833333333333333,magnum,congelados
ensaladilla carrefour classic 1 kg,1 kg,1.36,1.36,carrefour,congelados
pizza prosciutto ristorante dr oetker sin gluten sin lactosa 345 g,345 g,3.75,10.869565217391305,ristorante,congelados
croquetas de cocido carrefour extra 350 g,350 g,1.99,5.685714285714286,carrefour,congelados
tequeno de queso goya 420 g,420 g,4.65,11.071428571428573,goya,congelados
filete de bacalao procedente de pesca sostenible al punto de sal ultracongelado carrefour 400 g,400 g,7.05,17.625,carrefour,congelados
helado de galletas y crema hagen dazs 460 ml,460 ml,7.89,17.152173913043477,haagen dazs,congelados
arroz integral carrefour pack de 6 unidades de 167 g,pack de 6 unidades de 167 g,2.69,2.684630738522954,carrefour,congelados
bombon helado salsa de chocolate double carrefour 4 ud,4 ud,4.69,1.1725,carrefour,congelados
lasana barbacoa la cocinera 500 g,500 g,4.35,8.7,la cocinera,congelados
migas de bacalao dorado carrefour extra 240 g,240 g,2.59,10.791666666666666,carrefour,congelados
conos con helado de tres chocolates extreme nestle 6 ud,6 ud,5.25,0.875,extreme,congelados
helado peanut butter cup benjerrus 465 ml,465 ml,6.99,15.032258064516128,benjerrys,congelados
canelones con carne de cerdo carrefour pack de 2 unidades de 500 g,pack de 2 unidades de 500 g,4.49,4.49,carrefour,congelados
bombon helado intense dark 70 cacao collection magnum sin gluten 3 ud,3 ud,5.05,1.6833333333333333,magnum,congelados
gamba blanca cruda congelado carrefour extra 400 g,400 g,8.29,20.724999999999998,carrefour,congelados
almeja blanca del pacifico cocida 450 g,450 g,1.69,3.7555555555555555,marca  nacional sin marca,congelados
helado de fresa con trozos carrefour 500 g,500 g,3.55,7.1,carrefour,congelados
filete de lubina con piel congelado aligator 180 g,180 g,4.95,27.500000000000004,carrefour,congelados
preparado vegano tipo albondigas a base de proteinas de soja y de trigo  garden gourmet 200 g,200 g,3.59,17.95,garden gourmet,congelados
helado de vainilla de madagascar ecologico carrefour bio 450 g ,450 g,5.09,11.31111111111111,carrefour bio,congelados
espinacas cortadas carrefour 1 kg,1 kg,2.55,2.55,carrefour,congelados
nugget de pollo nicolasa 500 g,500 g,2.45,4.9,nicolasa,congelados
revuelto de patatas y salchichas tenedor de plata 400 g,lata 400 g,1.89,4.725,tenedor de plata,congelados
anillas a la romana carrefour extra 500 g,500 g,4.39,8.78,carrefour,congelados
bombon helado gold caramel billionaire double magnum 3 ud,3 ud,4.95,1.6500000000000001,magnum,congelados
helado de caramelo salado hagen dazs sin gluten 400 g,400 g,7.89,19.724999999999998,haagen dazs,congelados
palitos rebozados de merluza pescanova 300 g,300 g,3.15,10.5,pescanova,congelados
gambon krustasur 2 kg,2 kg,23.9,11.95,marca nacional sin marca,congelados
nuggets de pollo recetas crujientes la cocinera sin gluten y sin lactosa 455 g,455 g,7.55,16.59340659340659,la cocinera,congelados
espinacas hojas en porciones carrefour 1 kg,1 kg,2.19,2.19,carrefour,congelados
rodaja de pez espada carrefour el mercado 350 g aprox,350 g,5.56,15.885714285714286,carrefour,congelados
taco de bacalao extra al punto de sal congelado 400 g,400 g,7.49,18.724999999999998,carrefour,congelados
helado sandwich maxibon jungly nestle 4 uds,4 uds,6.49,1.6225,maxibon,congelados
bombon helado sunlover double magnum sin gluten 3 ud,3 ud,4.95,1.6500000000000001,magnum,congelados
lasana de atun carrefour extra 500 g,500 g,3.05,6.1,carrefour,congelados
gnocchi con verduras y pollo cn congelados de navarra 600 g,600 g,3.49,5.816666666666667,congelados de navarra,congelados
carne de mejillon cocido 80120 carrefour classic 400 g,400 g,3.39,8.475,carrefour,congelados
piccolinis frankfurt buitoni 270 g,270 g,4.15,15.37037037037037,buitoni,congelados
salteado verduras receta tradicional findus salteados 500 g,500 g,4.45,8.9,findus,congelados
rabas enharinadas pescanova 400 g,400 g,4.99,12.475,pescanova,congelados
varitas popcorn de merluza pescanova 300 g,300 g,4.09,13.633333333333333,pescanova,congelados
pina congelada carrefour 450 g,450 g,3.09,6.866666666666666,carrefour,congelados
salteado de verduras asadas ecologico carrefour bio 600 g,600 g,3.69,6.15,carrefour bio,congelados
menestra de verduras findus 1 kg,1 kg,4.69,4.69,findus,congelados
gyozas de carne vici 400 g,400 g,4.39,10.974999999999998,vici,congelados
helado bombom magnum after dinner frac sin gluten 8 ud,8 ud,5.55,0.69375,magnum,congelados
filete de dorada con piel congelado aligator 180 g,180 g,4.95,27.500000000000004,carrefour,congelados
mini bombon helado sabor pink lemonade euphoria magnum 3 ud,3 ud,5.05,1.6833333333333333,magnum,congelados
gyozas de cerdo vici 400 g,400 g,4.39,10.974999999999998,vici,congelados
pannini bacon crispy dr oetker 250 g,250 g,3.25,13.0,panini,congelados
croquetas de bacalao la cocinera 500 g,500 g,4.95,9.9,la cocinera,congelados
helado chocoblock con lengua al cacao carrefour sensation sin gluten 6 uds,6 uds,2.89,0.4816666666666667,carrefour,congelados
pizza diavola picante forno di pietra buitoni 350 g,350 g,3.65,10.428571428571429,buitoni,congelados
pizza pancetta delicata tradizionale dr oetker 390 g,390 g,4.49,11.512820512820513,tradizionale,congelados
espinacas en hojas findus 1 kg,1 kg,4.69,4.69,findus,congelados
ensaladilla findus 1 kg,1 kg,4.69,4.69,findus,congelados
bombones helados de frambuesa banada en chocolate blanco y negro franui sin gluten 150 g,150 g,5.19,34.6,franui,congelados
helado de vainilla cornetto 4 uds,4 uds,2.99,0.7475,cornetto,congelados
thai noodles fripozo 320 g,320 g,3.39,10.59375,fripozo,congelados
varitas de merluza empanada carrefour clasicc 450 g,450 g,4.79,10.644444444444444,carrefour,congelados
mini bombon helado intense dark 70 cacao collection magnum sin gluten 6 ud,6 ud,6.45,1.075,magnum,congelados
porras prefritas maheso sin aceite de palma 320 g,320 g,3.55,11.09375,maheso,congelados
canelones de atun la cocinera 500 g,500 g,4.35,8.7,la cocinera,congelados
guisantes ecologico carrefour bio 600 g,600 g,2.99,4.983333333333334,carrefour bio,congelados
cola de rape chino congelado 800 g,800 g,7.11,8.8875,el mercado,congelados
pizza con salami carne nduja y queso creazione buitoni 430 g,430 g,6.55,15.232558139534884,buitoni,congelados
lasana bolonesa maheso sin gluten 525 g,525 g,5.19,9.885714285714286,maheso,congelados
surtido de helados fruit collection hagen dazs sin gluten 4 ud,4 ud,8.15,2.0375,haagen dazs,congelados
salteado de verduras receta campestre findus salteados 500 g,500 g,4.45,8.9,findus,congelados
pizza de pollo ristorante dr oetker 355 g,355 g,3.75,10.563380281690142,ristorante,congelados
helado de caramelo salado recubierto de chocolate con leche magnum 3 uds,3 uds,2.99,0.9966666666666667,magnum,congelados
solomillo de pollo kentucky hotspicy fripozo 250 g,250 g,3.49,13.96,fripozo,congelados
judias verdes planas findus 1 kg,1 kg,4.69,4.69,findus,congelados
brocoli en floretes ecologico carrefour bio 600 g,600 g,2.85,4.75,carrefour bio,congelados
kebab de pollo simons food 350 g,350 g,4.45,12.714285714285715,Desconocida,congelados
peskitos de salmon pescanova 300 g,300 g,4.85,16.166666666666668,pescanova,congelados
maxibon jungly blanco nestle 4 ud,4 ud,6.49,1.6225,maxibon,congelados
braseado verduras con gambas carrefour 450 g,450 g,3.55,7.888888888888888,carrefour,congelados
bombon helado de galleta caramelizada con chocolate blanco lotus biscoff 3 ud,3 ud,4.69,1.5633333333333335,lotus,congelados
pizza de jamon prosciutto italpizza 560 g,560 g,5.15,9.196428571428571,italpizza,congelados
filete atun aleta amarilla congelado marinado petaca chico 420 g aprox,420 g,9.87,23.5,el mercado,congelados
gambas peladas grandes carrefour extra 360 g,360 g,5.95,16.52777777777778,carrefour,congelados
pimiento tricolore en tira ecologico carrefour bio 600 g,600 g,2.15,3.5833333333333335,carrefour bio,congelados
canelones de atun carrefour extra 500 g,500 g,2.45,4.9,carrefour,congelados
croquetas de espinacas carrefour extra 350 g,350 g,2.09,5.9714285714285715,carrefour,congelados
helado de caramelo carrefour sensation 350 g,350 g,3.25,9.285714285714286,carrefour,congelados
anilla de pota argentina congelada 450 g,450 g,6.45,14.333333333333334,carrefour,congelados
supremas de aguinaga carrefour 250 g,250 g,3.85,15.4,carrefour,congelados
pizza grillfest ltalpizza 535 g,535 g,5.55,10.373831775700934,italpizza,congelados
sandwich cookie con helado de vainilla carrefour extra 4 ud,4 ud,2.99,0.7475,carrefour,congelados
arroz tres delicias tradicional findus salto 500 g,500 g,4.15,8.3,frudesa,congelados
perejil ultracongelado carrefour 50 g,50 g,1.25,25.0,carrefour,congelados
filete de abadejo empanados xxl classic carrefour 800 g,800 g,6.89,8.612499999999999,carrefour,congelados
pizza grillfest italpizza 425 g,425 g,4.45,10.470588235294118,marca nacional sin marca,congelados
kebab fusion fripozo 320 g,320 g,3.29,10.28125,fripozo,congelados
bombon helado de vainilla con almendras magnum sin gluten 6 ud,6 ud,7.95,1.325,magnum,congelados
pizza de pollo y verduras forno di pietra buitoni 350 g,350 g,3.65,10.428571428571429,buitoni,congelados
pizza salami ligeramente picante forno di pietra buitoni 300 g,300 g,3.65,12.166666666666666,buitoni,congelados
calabacin en dados carrefour 450 g,450 g,1.41,3.133333333333333,carrefour,congelados
empanado vegetal de jamon y queso crispy twist garden gourmet 180 g,180 g,4.25,23.61111111111111,garden gourmet,congelados
brocoli en floretes precocido ultracongeladas extra carrefour 675 g,675 g,2.85,4.222222222222222,carrefour,congelados
lasana original italiana con queso schr sin gluten 300 g,300 g,5.19,17.3,schar,congelados
cheddar bites fripozo 250 g,250 g,3.39,13.56,fripozo,congelados
pizza con tomate salsa pesto y queso creazione buitoni 435 g,435 g,6.55,15.057471264367816,buitoni,congelados
sandwich filipinos cornetto 4 ud,4 ud,6.59,1.6475,cornetto,congelados
bombon helado chocolate blanco con almendras carrefour 4 ud,4 ud,2.15,0.5375,carrefour,congelados
lomos de salmon congelado dimar 230 g,230 g,6.59,28.652173913043477,Desconocida,congelados
rodaja de caella tintorera carrefour el mercado 300 g aprox,300 g,2.08,6.933333333333334,el mercado,congelados
tarta helada laminada de nata comtessa xxl frigo 500 g,500 g,5.55,11.1,comtessa,congelados
camaron cocido pelado procedente de pesca sostenible carrefour 200 g,200 g,4.25,21.25,carrefour,congelados
helado de fresa dracula frigo sin gluten 6 ud,6 ud,5.19,0.8650000000000001,frigo,congelados
gyoza chicken itsu 240 g,240 g,4.85,20.208333333333332,itsu,congelados
bolitas de patata carrefour classic 1 kg,1 kg,3.65,3.65,carrefour,congelados
helado de turron y trocitos de almendra caramelizada carrefour sensation 350 g,350 g,2.99,8.542857142857144,carrefour,congelados
gambas peladas crudas ultracongeladas pescanova 240 g,240 g,6.89,28.708333333333332,pescanova,congelados
bombon helado de nata y galleta oreo 3 ud,3 ud,5.09,1.6966666666666665,oreo,congelados
patatas en letras congeladas carrefour classic 600 g,600 g,2.15,3.5833333333333335,carrefour,congelados
aros de cebolla pickers by mccain 350 g,350 g,3.79,10.82857142857143,mccain,congelados
pizza carbonara fina y crujiente forno di pietra buitoni 300 g,300 g,3.65,12.166666666666666,buitoni,congelados
lasana de atun la cocinera 500 g,500 g,4.35,8.7,la cocinera,congelados
hamburguesa originales heura sin gluten 440 g,440 g,8.79,19.977272727272727,hera,congelados
patatas al horno express mccain 500 g,500 g,4.05,8.1,mccain,congelados
filete de merluza argentina ultracongelado carrefour el mercado 540 g,540 g,6.95,12.87037037037037,el mercado,congelados
surtido de helados caramel collection hagen dazs 4 uds,4 uds,8.15,2.0375,haagen dazs,congelados
sandwich de queso galleta y frambuesa maxibon nestle 4 ud,4 ud,6.49,1.6225,maxibon,congelados
helado strawberry cheescake ben  jerrys 465 ml,465 ml,6.99,15.032258064516128,benjerrys,congelados
lasana de espinacas y queso la cocinera 500 g,500 g,4.35,8.7,la cocinera,congelados
helado de chocolate cornetto 4 uds,4 uds,2.99,0.7475,cornetto,congelados
albondigas vegetarianas veggie balls garden gourmet 200 g,200 g,3.59,17.95,garden gourmet,congelados
base de pizza carrefour classic sin gluten pack de 2 bases de 200 g,pack de 2 bases de 200 g,3.79,18.95,carrefour,congelados
bombon helado choco clack nestle helados sin gluten 4 ud,4 ud,4.15,1.0375,nestle,congelados
finger de pollo nicolasa 400 g,400 g,2.99,7.4750000000000005,nicolasa,congelados
conos con helado de vainilla sin azucar anadido mini nestle 8 ud,8 ud,6.59,0.82375,nestle,congelados
espinacas al ajillo findus 450 g,450 g,4.39,9.755555555555555,findus,congelados
mezcla para sofrito carrefour 450 g,450 g,1.43,3.1777777777777776,carrefour,congelados
croquetas de estofado de pollo recetas artesanas la cocinera 500 g,500 g,4.95,9.9,la cocinera,congelados
filete de pescado crujiente clasicos congelado findus sin gluten 250 g,250 g,4.15,16.6,findus,congelados
helado mango passionfruit  yoghurt les desserts carte dor 850 ml,850 ml,5.59,6.576470588235294,carte dor,congelados
lomos de merluza a la romana pescanova 325 g,325 g,5.85,18.0,pescanova,congelados
pizza crousty cheese sensation carrefour 448 g,448 g,4.55,10.15625,carrefour,congelados
crepes de trigo relleno de quesos carrefour 300 g,300 g,1.99,6.633333333333334,carrefour,congelados
helado de leche merengada carrefour extra sin gluten 1000 ml,1000 ml,3.09,3.09,carrefour,congelados
ventrescas de merluza carrefour extra 400 g,400 g,5.39,13.474999999999998,carrefour,congelados
filete de merluza argentina sin piel ultracongelada carrefour el mercado 600 g,600 g,5.2,8.666666666666668,el mercado,congelados
cigarrillos de tolosa de nuestra tierra 160 g,160 g,3.69,23.0625,de nuestra tierra,congelados
baguetinas pan maheso pack de 4 unidades de 125 g,pack de 4 unidades de 125 g,3.85,7.7,maheso,congelados
pizza 26x38 formaggi italpizza 520 g,26x38,5.29,0.13921052631578948,italpizza,congelados
mix de verduras para wok ecologicas carrefour bio 600 g,600 g,2.85,4.75,carrefour bio,congelados
judias verdes ecologicas carrefour bio 600 g,600 g,2.39,3.983333333333334,carrefour bio,congelados
filete de pescado crujiente con limon congelado findus 225 g,225 g,4.29,19.066666666666666,findus,congelados
piccolinis salame buitoni 270 g,270 g,4.49,16.62962962962963,buitoni,congelados
bombon helado de galleta caramelizada lotus biscoff 3 ud,3 ud,4.69,1.5633333333333335,lotus,congelados
taco salmon keta salvaje congelado 360 g,360 g,11.95,33.19444444444444,carrefour,congelados
salteado estilo tradicional ecologico carrefour bio 600 g,600 g,3.09,5.15,carrefour bio,congelados
mini bombon helado de frutas exoticas y frutos rojos con vainilla carrefour 8 ud,8 ud,3.39,0.42375,carrefour,congelados
patatas original tradition mccain 1 kg,1 kg,4.15,4.15,mccain,congelados
espinacas crema carrefour 1 kg,1 kg,4.65,4.65,carrefour,congelados
helado sorbete de limon carte dor 1000 ml,1000 ml,4.49,4.49,carte dor,congelados
puntilla de calamar carrefour 400 g,400 g,4.19,10.475,carrefour,congelados
picada troceada heura sin gluten 300 g ,300 g,4.65,15.500000000000002,hera,congelados
helado sabor a fresa chocolate y vainilla carrefour extra sin gluten 500 g,500 g,2.39,4.78,carrefour,congelados
bombon helado sabor a vainilla con cobertura de chocolate con leche con trocitos de almendra carrefour extra sin gluten 8 uds,8 uds,2.99,0.37375,carrefour,congelados
minipizza cremosa al jamon buitoni 270 g ,270 g,4.15,15.37037037037037,buitoni,congelados
pizza prosciutto funghi casa di mama dr oetker 405 g,405 g,4.59,11.333333333333332,casa di mama,congelados
cebolla troceada findus 250 g,250 g,3.15,12.6,findus,congelados
cerezas congeladas fruiteelicious 300 g,300 g,3.35,11.166666666666668,fruiteedelicious,congelados
croquetas de pollo sabrosisimas la cocinera 500 g,500 g,4.55,9.1,la cocinera,congelados
patatas mediterrean mccain 750 g,750 g,3.95,5.266666666666667,mccain,congelados
croqueta de jamon y pan crujiente la cocina de senen sin gluten 200 g,200 g,4.59,22.95,la cocina de senen,congelados
patatas barbacoa mccain 750 g,750 g,3.85,5.133333333333334,mccain,congelados
bocados originales heura sin gluten 310 g,310 g,8.29,26.741935483870964,hera,congelados
pimiento en tiras carrefour 450 g,450 g,1.3,2.888888888888889,carrefour,congelados
helado sabor a cookie dough carrefour sensation 300 g,300 g,3.35,11.166666666666668,carrefour,congelados
almeja blanca cocida carrefour classic 450 g,450 g,1.7,3.7777777777777777,carrefour,congelados
langostinos extra grandes crudos carrefour 800 g,800 g,9.39,11.7375,carrefour,congelados
helado sabor avellana nutella ferrero 470 ml,470 ml,6.69,14.234042553191491,Sabor,congelados
patatas corte juliana mccain 600 g,600 g,4.05,6.75,mccain,congelados
calamar de la india limpio400 g,400 g,6.95,17.375,carrefour,congelados
helado de chocolate carrefour extra sin gluten sin lactosa 480 g,480 g,4.45,9.270833333333334,carrefour,congelados
calamar patagonico carrefour el mercado 500 g,500 g,4.49,8.98,carrefour,congelados
cebolla laminada ecologica congelada carrefour bio 450 g,450 g,2.49,5.533333333333334,carrefour bio,congelados
pizza de pepperoni goodfellas 332 g,332 g,3.95,11.897590361445783,goodfelllas,congelados
pirulo fruit joy nestle sin gluten 5 ud,5 ud,4.35,0.8699999999999999,pirulo,congelados
patatas original crinkle mccain 750 g,750 g,4.39,5.853333333333333,mccain,congelados
gambon grande crudo carrefour 1 kg,1 kg,13.25,13.25,carrefour,congelados
crumpets warburtons 320 g,320 g,2.95,9.21875,warburtons,congelados
verduras para sofrito findus 250 g,250 g,2.99,11.96,findus,congelados
judias verdes troceadas findus 1 kg,1 kg,4.69,4.69,findus,congelados
croquetas de cocido estilo ropa vieja la cocinera 340 g,340 g,5.69,16.735294117647058,la cocinera,congelados
helado sorbete de mandarina carrefour 427 g,427 g,3.39,7.939110070257612,carrefour,congelados
pizza speciale tradizionale dr oetker 400 g,400 g,4.49,11.225,tradizionale,congelados
filetes de atun de aleta amarilla congelado extra carrefour 225 g,225 g,4.45,19.77777777777778,carrefour,congelados
falafel a base de garbanzos y hortalizas vegano garden gourmet 190 g,190 g,3.99,21.0,garden gourmet,congelados
bloque de helado de chocolate nata y vainilla carrefour classic sin azucar anadido 475 g,475 g,2.19,4.610526315789474,carrefour,congelados
churros maheso 400 g,400 g,3.45,8.625,maheso,congelados
minipizza de atun buitoni 270 g,270 g,4.15,15.37037037037037,buitoni,congelados
solomillo de pollo congelado luxus 700 g,700 g,5.5,7.857142857142858,Desconocida,congelados
pizza con higos y queso de cabra creazione buitoni 460 g,460 g,6.55,14.239130434782608,buitoni,congelados
gyozas de verduras vici 400 g,400 g,4.39,10.974999999999998,vici,congelados
verduras para wor classic carrefour 1 kg,1 kg,4.65,4.65,carrefour,congelados
tinta de sepia carrefour classic sin gluten pack de 4 unidades de 4 g,pack de 4 unidades de 4 g,1.38,86.24999999999999,carrefour,congelados
pandebono goya 300 g,300 g,5.39,17.966666666666665,goya,congelados
helado de fresas y crema hagen dazs sin gluten 460 ml,460 ml,7.89,17.152173913043477,haagen dazs,congelados
helado cono extreme explosion lemon cheesecake nestle 6 ud,6 ud,5.25,0.875,extreme,congelados
helado sabor a vainilla con relleno al cacao pirulo mikolapiz sin gluten 5 ud,5 ud,5.49,1.098,pirulo,congelados
polos de helado de vainilla recubiertos de chocolate blanco carrefour extra 4 uds,4 uds,1.82,0.455,carrefour,congelados
alitas de pollo clasicas sabor barbacoa carrefour sensation 750 g,750 g,5.49,7.32,carrefour,congelados
pizza margarita schr sin gluten sin lactosa 300 g,300 g,4.69,15.633333333333335,schar,congelados
helado half baked benjerrys 465 ml,465 ml,6.99,15.032258064516128,benjerrys,congelados
helado de pistacho con almendra kataifi y chocolate ebbany quality product 520 ml,520 ml,4.45,8.557692307692308,ebbany,congelados
helado cookie dough ben  jerry 465 ml,465 ml,6.99,15.032258064516128,benjerrys,congelados
helado proteina platano con brownie carrefour sensation sin azucar anadido 300 g,300 g,3.29,10.966666666666667,carrefour,congelados
helado colajet nestle sin gluten 4 ud,4 ud,3.45,0.8625,nestle,congelados
aguacate en dados carrefour 450 g,450 g,4.69,10.422222222222222,carrefour,congelados
mini churro relleno de crema al cacao con avellanas nocilla maheso 170 g,170 g,3.19,18.76470588235294,maheso,congelados
pizza snacks jamon y queso fripozo 250 g,250 g,3.29,13.16,fripozo,congelados
arroz con pollo thai curry findus 400 g,400 g,5.39,13.474999999999998,findus,congelados
filete de bacalao noraynorth 400 g,400 g,5.95,14.875,las redes,congelados
rodajas de merluza carrefour classic 600 g,600 g,6.19,10.316666666666668,carrefour,congelados
helado de vainilla hagen dazs sin gluten 460 ml,460 ml,7.89,17.152173913043477,haagen dazs,congelados
conos con helado de fresa y nata extrme 6 ud,6 ud,5.25,0.875,extreme,congelados
pizza margarita ecologica carrefour bio 310 g,310 g,3.99,12.870967741935484,carrefour bio,congelados
espinacas en hojas carrefour extra 600 g,600 g,1.88,3.1333333333333333,carrefour,congelados
helado de almendras magnum sin gluten 440 ml,440 ml,7.39,16.795454545454543,magnum,congelados
helado de chocolate sin azucar anadido carrefour classic sin gluten 500 ml,500 ml,3.55,7.1,carrefour,congelados
helado de chocolate cookies carrefour sensation 300 g,300 g,2.99,9.966666666666669,carrefour,congelados
pizza de bbq pulled pork casa di mama dr oetker 405 g,405 g,4.99,12.320987654320987,droetker,congelados
supremas de salmon sin piel congelado findus 200 g,200 g,11.99,59.949999999999996,findus,congelados
helado de vainilla carrefour extra sin gluten sin lactosa 480 g,480 g,4.39,9.145833333333332,carrefour,congelados
cono speculoss extra carrefour 6 ud,6 ud,3.89,0.6483333333333333,carrefour,congelados
tarta helada romantica carte dor 550 g,550 g,11.39,20.709090909090907,carte dor,congelados
filetes de merluza sin piel ultracongelados pescanova 800 g,800 g,11.95,14.937499999999998,pescanova,congelados
croquetas de pollo campero la cocina de senen sin gluten 240 g,240 g,4.59,19.125,la cocina de senen,congelados
boqueron limpio congelado carrefour 500 g,500 g,5.85,11.7,carrefour,congelados
la gula del norte pack de 3 unidades de 200 g,pack de 3 unidades de 200 g,12.95,21.583333333333332,la gula del norte,congelados
croquetas de cocido la cocina de senen sin gluten 240 g,240 g,4.59,19.125,la cocina de senen,congelados
gambas peladas carrefour extra 360 g,360 g,4.95,13.750000000000002,carrefour,congelados
conos con helado de vainilla extrme nestle 6 ud,6 ud,5.25,0.875,extreme,congelados
bombones helados white chocolate  cookies magnum 12 ud,12 ud,5.55,0.46249999999999997,magnum,congelados
verduras gourmet al vapor findus 350 g,350 g,4.09,11.685714285714287,findus,congelados
anillas de pota argentina congelada carrefour classic 450 g,450 g,7.25,16.11111111111111,carrefour,congelados
pizza rulo de queso de cabra ecologica carrefour bio 360 g,360 g,4.99,13.861111111111112,carrefour bio,congelados
pizza snacks 5 quesos fripozo 250 g,250 g,3.29,13.16,fripozo,congelados
pescado para fritura congelado carrefour 600 g,600 g,5.45,9.083333333333334,carrefour,congelados
judia troceada carrefour 1 kg,1 kg,1.6,1.6,carrefour,congelados
espinacas en hojas carrefour 400 g,400 g,1.17,2.925,carrefour,congelados
helado cookie dough ben  jerrys 465 ml,465 ml,6.99,15.032258064516128,benjerrys,congelados
mini empanadillas de atun carrefour 400 g,400 g,1.62,4.05,carrefour,congelados
rollitos primavera carrefour 225 g,225 g,1.16,5.155555555555555,carrefour,congelados
menestra de verduras carrefour classic 1 kg,1 kg,1.83,1.83,carrefour,congelados
sandwich de vainilla y chocolate classic carrefour 6 ud,6 ud,2.09,0.34833333333333333,carrefour,congelados
sandwich de nata maxibon classic nestle 4 ud,4 ud,6.49,1.6225,maxibon,congelados
fingers recetas crujientes la cocinera 320 g,320 g,5.55,17.34375,la cocinera,congelados
pizza de jamon y queso fina y crujiente forno di pietra buitoni 350 g,350 g,3.65,10.428571428571429,buitoni,congelados
pizza 4 quesos forno di pietra buitoni 350 g,350 g,3.65,10.428571428571429,buitoni,congelados
pizza hawai carrefour 350 g,350 g,2.25,6.428571428571429,carrefour,congelados
pizza de pollo carrefour 335 g,335 g,2.25,6.716417910447761,carrefour,congelados
pannini de jamon y queso dr oetker 250 g,250 g,3.25,13.0,droetker,congelados
arroz tres delicias ultracongelado carrefour 1 kg,1 kg,2.85,2.85,carrefour,congelados
filetes de bacalao ultracongelado pescanova 400 g,400 g,8.59,21.474999999999998,pescanova,congelados
fresas carrefour classic 650 g,650 g,3.89,5.984615384615385,carrefour,congelados
churros crujientes y tiernos ultracongelados carrefour original 500 g,500 g,1.5,3.0,carrefour,congelados
ajetes trigueros gambas carrefour 450 g,450 g,2.89,6.4222222222222225,carrefour,congelados
bloque de helado de nata chocolate y vainilla carrefour 420 g,420 g,1.9,4.523809523809524,carrefour,congelados
peskitos pescanova 400 g,400 g,4.29,10.725,pescanova,congelados
croquetas mini de jamon carrefour classic 500 g,500 g,1.52,3.04,carrefour,congelados
helado de vainilla carrefour 480 g,480 g,2.39,4.979166666666667,carrefour,congelados
pizza caprese fina y crujiente forno di pietra buitoni 350 g,350 g,3.65,10.428571428571429,buitoni,congelados
boqueron mariposa en tempura delfin 350 g,350 g,3.99,11.400000000000002,delfin,congelados
mini bombones helados clasico almendras y chocolate blanco bomboniera magnum sin gluten 12 ud,12 ud,3.55,0.29583333333333334,magnum,congelados
gyoza vegetable fusion itsu 270 g,270 g,4.89,18.111111111111107,itsu,congelados
helado chocolate blanco  cookies double magnum 440 ml,440 ml,7.39,16.795454545454543,magnum,congelados
pizza 4 formaggi la mia grande dr oetker 400 g,400 g,5.89,14.724999999999998,la mia grande,congelados
cono helado sabor a caramelo crunch carrefour extra 6 uds,6 uds,3.89,0.6483333333333333,carrefour,congelados
judias verdes con patata classic carrefour 1 kg,1 kg,2.19,2.19,carrefour,congelados
cordon bleu recetas crujientes la cocinera 376 g,376 g,6.39,16.99468085106383,la cocinera,congelados
sandwich de nata nestle 6 ud,6 ud,4.15,0.6916666666666668,nestle,congelados
bombon helado de pistacho gruvi sammontana 4 ud,4 ud,6.09,1.5225,sammontana,congelados
tiras de poton del pacifico ultracongelado carrefour el mercado 360 g,360 g,4.45,12.361111111111112,el mercado,congelados
pechuga empanada recetas crujientes la cocinera 330 g,330 g,5.39,16.333333333333332,la cocinera,congelados
lasana de champinones y mix de setas la cocinera 500 g,500 g,4.35,8.7,la cocinera,congelados
alitas de pollo picantes carrefour sensation 750 g,750 g,5.49,7.32,carrefour,congelados
filete de merluza argentina sin piel 900 g,900 g,9.2,10.222222222222221,el mercado,congelados
sepia limpia congelada carrefour 350 g,350 g,7.49,21.400000000000002,carrefour,congelados
helado sabor a stracciatella carrefour sensation sin gluten 300 g,300 g,3.19,10.633333333333333,carrefour,congelados
piezas mediterraneas 100 vegetal sensational garden gourmet 160 g,160 g,4.25,26.5625,garden gourmet,congelados
tiras de poton carrefour 400 g,400 g,4.95,12.375,carrefour,congelados
helado bombon de caramelo y nueces de macadamia australianas nuii sin gluten 4 ud,4 ud,5.49,1.3725,nuii,congelados
bacalao dorado marvanejo sin gluten 240 g,240 g,3.15,13.125,marvanejo,congelados
pizza con queso y tomate buitoni sin gluten y sin lactosa 360 g,360 g,6.09,16.916666666666668,buitoni,congelados
pizza prosciutto formaggi la mia grande dr oetker 400 g,400 g,5.89,14.724999999999998,la mia grande,congelados
coulant de chocolate extra carrefour 180 g,180 g,3.25,18.055555555555557,carrefour,congelados
conos con helado de fresa cornetto 4 ud,4 ud,2.99,0.7475,cornetto,congelados
pizza quattro formaggi casa di mama dr oetker 410 g,410 g,4.59,11.195121951219512,casa di mama,congelados
pejerrey crudo congelado delfin 500 g,500 g,3.59,7.18,delfin,congelados
garbanzos congelados carrefour classic 450 g,450 g,1.36,3.022222222222222,carrefour,congelados
gouda rings  bacon fripozo 250 g,250 g,4.05,16.2,fripozo,congelados
helado de cookies dougt benjerrys 10 uds,10 uds,4.99,0.499,benjerrys,congelados
helado de barrita de cacahuete con cobertura de chocolate con leche carrefour sensation 6 uds,6 uds,2.95,0.4916666666666667,carrefour,congelados
salteado de quinoa y lentejas con verduras y pollo ultracongelado extra carrefour 450 g,450 g,3.49,7.7555555555555555,carrefour,congelados
berenjena rebozada maheso 400 g,400 g,4.15,10.375,maheso,congelados
tomate en cubos carrefour classic 500 g,500 g,1.25,2.5,carrefour,congelados
mini bombon helado frac almendrado collection magnum 6 ud,6 ud,6.45,1.075,magnum,congelados
croquetas de boletus con champinones recetas artesanas la cocinera 400 g,400 g,6.09,15.225,la cocinera,congelados
bao buns de pato itsu 180 g,180 g,5.19,28.833333333333336,itsu,congelados
gambon entero congelado carrefour extra 500 g,500 g,6.65,13.3,carrefour,congelados
patatas en dados carrefour 450 g,450 g,1.51,3.3555555555555556,carrefour,congelados
bombon mini helado de vainilla recubierto con chocolate blanco almond magnum sin gluten 6 ud,6 ud,5.55,0.9249999999999999,magnum,congelados
langostino crudo congelado 3040 ud pescatrade 900 g,900 g,11.95,13.277777777777777,marca nacional sin marca,congelados
calamar patagonico entero congelado classic carrefour 510 g,510 g,4.85,9.509803921568627,carrefour,congelados
pizza salame vegano ristorante dr oetker 295 g ,295 g,3.75,12.711864406779661,ristorante,congelados
gambon salvaje 2 kg,2 kg,18.99,9.495,marca nacional sin marca,congelados
helado de fresa carrefour extra sin gluten sin lactosa 480 g,480 g,4.69,9.770833333333334,carrefour,congelados
pescadinos de merluza empanados congelados pescanova 800 g,800 g,9.39,11.7375,pescanova,congelados
coliflor ecologico carrefour bio 600 g,600 g,2.99,4.983333333333334,carrefour bio,congelados
risotto al funghi carrefour 300 g,300 g,2.85,9.5,carrefour,congelados
pizza tonno casa di mama dr oetker 435 g,435 g,4.59,10.551724137931034,casa di mama,congelados
chipiron en trozos congelado carrefour classic 450 g,450 g,6.99,15.533333333333333,carrefour,congelados
nachos rellenos de queso fripozo 250 g,250 g,3.95,15.8,fripozo,congelados
lasana de espinacas carrefour 500 g,500 g,2.99,5.98,carrefour,congelados
lomo de bacalao procedente de pesca sostenible congelado carrefour 300 g,300 g,6.29,20.96666666666667,carrefour,congelados
cono kinder bueno 4 ud,4 ud,4.75,1.1875,kinder,congelados
helado sabor a nocciola carrefour sensation 350 g,350 g,3.55,10.142857142857142,carrefour,congelados
ajo y perejil picado carrefour 50 g,50 g,1.79,35.8,carrefour,congelados
pizza 4 quesos ecologica carrefour bio 350 g,350 g,4.99,14.257142857142858,carrefour bio,congelados
tortillita camaron congelado extra carrefour 350 g,350 g,2.85,8.142857142857144,carrefour,congelados
hamburguesa de trigo espinaca y emmental carrefour veggie 400 g,400 g,4.99,12.475,carrefour veggie,congelados
lomos de salmon ecologico carrefour bio 220 g,220 g,9.2,41.81818181818181,carrefour bio,congelados
colas peladas de gambon crudo carrefour 250 g,250 g,6.55,26.2,carrefour,congelados
cono extreme caramel choco toffee nestle 6 ud,6 ud,5.25,0.875,extreme,congelados
pulpo congelado carrefour el mercado 15 kg aprox,15 kg,26.92,1.7946666666666669,carrefour,congelados
gambon crudo grande carrefour 2 kg,2 kg,21.6,10.8,carrefour,congelados
mini bombon helado con chocolate blanco y galleta collection magnum 6 ud,6 ud,6.45,1.075,magnum,congelados
pizza marinara italpizza 375 g,375 g,2.55,6.8,marca nacional sin marca,congelados
pizza de jamon y queso goodfellas 351 g,351 g,3.95,11.253561253561255,goodfelllas,congelados
brocoli findus 360 g,360 g,3.29,9.13888888888889,findus,congelados
sandwich mini de nata y galleta oreo 6 ud,6 ud,5.09,0.8483333333333333,oreo,congelados
conos con helado de nata y caramelo carrefour extra 6 ud,6 ud,3.39,0.5650000000000001,carrefour,congelados
helado de mango y frambuesa hagen dazs sin gluten 460 ml,460 ml,7.89,17.152173913043477,haagen dazs,congelados
gamba pelada congelada 90110 antonio y ricardo 375 g,375 g,5.49,14.64,antonio y ricardo,congelados
gyozas con sucedaneo de angulas y ajo vici 400 g,400 g,4.39,10.974999999999998,vici,congelados
conos con helado de soja valsoia 4 ud,4 ud,6.05,1.5125,valsoia,congelados
cola de rape del cabo ultracongelado 350 g aprox,350 g,8.97,25.628571428571433,carrefour,congelados
crpes empanados rellenos de bechamel con jamon y queso la cocinera 300 g,300 g,4.95,16.5,la cocinera,congelados
preparado para tortilla de patata con cebolla cocina facil findus 550 g,550 g,4.05,7.363636363636362,findus,congelados
crujientes cordon bleu valsoia 220 g,220 g,4.75,21.59090909090909,valsoia,congelados
mini bombon helado de chocolate double magnum 6 ud,6 ud,6.45,1.075,magnum,congelados
patatas kid smile mccain 650 g,650 g,4.15,6.384615384615385,mccain,congelados
langostino vannamei pelado carrefour classic 220 g,220 g,3.95,17.954545454545457,carrefour,congelados
empanadillas de carne recetas artesanas la cocinera 312 g,312 g,5.49,17.596153846153847,la cocinera,congelados
langostino extra grande cocido 2432 carrefour 800 g,800 g,9.39,11.7375,carrefour,congelados
takitos tako loco fripozo 250 g,250 g,3.29,13.16,fripozo,congelados
albondigas originales heura sin gluten 208 g,208 g,5.25,25.240384615384617,hera,congelados
rodaja de pez espada ultracongelada carrefour extra 600 g,600 g,9.49,15.816666666666668,carrefour,congelados
mimos de merluza congelados pescanova 360 g,360 g,7.69,21.361111111111114,pescanova,congelados
cigarrillos de tolosa de chocolate de nuestra tierra 200 g,200 g,4.95,24.75,de nuestra tierra,congelados
tejas de tolosa de nuestra tierra 150 g,150 g,4.15,27.66666666666667,de nuestra tierra,congelados
conos con helado de anacardos con sirope de guindas valsoia sin gluten 4 ud,4 ud,6.05,1.5125,valsoia,congelados
mini bombon helado gold caramel billionaire double magnum 6 ud,6 ud,6.45,1.075,magnum,congelados
long burger supreme heura 210 g ,210 g,5.75,27.380952380952383,hera,congelados
conos con helado de nata y galleta oreo 4 ud,4 ud,5.09,1.2725,oreo,congelados
cono de vainilla caramelo salado carrefour extra 6 uds,6 uds,3.09,0.515,carrefour,congelados
helado de vainilla caramelo brownie hagen dazs 460 ml,460 ml,7.89,17.152173913043477,haagen dazs,congelados
conos con helado de ron con pasas extrme nestle 6 ud,6 ud,5.25,0.875,extreme,congelados
helado bombon almendrado con vainilla de java nuii sin gluten 4 ud,4 ud,5.49,1.3725,nuii,congelados
patatas fritas para horno ecologicas carrefour bio 600 g,600 g,3.85,6.416666666666667,carrefour bio,congelados
bombon helado de vainilla y caramelo carrefour sensation 4 ud,4 ud,4.25,1.0625,carrefour,congelados
croquetas de jamon iberico la cocinera 340 g,340 g,5.49,16.14705882352941,la cocinera,congelados
helado de cookie vermont ster sundae ben  jerrys 427 ml,427 ml,7.79,18.243559718969557,benjerrys,congelados
espinacas a a la crema findus 450 g,450 g,4.39,9.755555555555555,findus,congelados
filete de salmon dimar 360 g,360 g,6.49,18.02777777777778,Desconocida,congelados
takitos crazy burrito fripozo 250 g,250 g,3.25,13.0,fripozo,congelados
helado bombon mininocciola comensal 6 uds,6 uds,3.65,0.6083333333333333,comensal,congelados
tagliatelle carbonara carrefour 300 g,300 g,2.75,9.166666666666668,carrefour,congelados
pechuga de pollo estilo kentucky maheso 250 g,250 g,4.15,16.6,maheso,congelados
langostino extra crudo pescanova 800 g,800 g,12.15,15.1875,pescanova,congelados
helado crema nata con salsa de mango ben  jerrys 391 g ,391 g,6.99,17.877237851662404,benjerrys,congelados
canelones de espinacas y queso carrefour 500 g,500 g,2.99,5.98,carrefour,congelados
helado sabor a speculoos carrefour sensation 300 g,300 g,3.25,10.833333333333334,carrefour,congelados
habas babys findus 400 g,400 g,5.65,14.125,findus,congelados
cono de chocolate con avellana carrefour sensation 4 uds,4 uds,2.55,0.6375,carrefour,congelados
lomos de bacalao congelado 500 g aprox,500 g,11.0,22.0,carrefour,congelados
mini bombon helado sabor pink lemonade euphoria magnun 6 ud,6 ud,6.45,1.075,magnum,congelados
cono filipinos cornetto disc 4 ud,4 ud,5.25,1.3125,cornetto,congelados
pizza speciale casa di mama dr oetker 415 g,415 g,4.99,12.024096385542169,casa di mama,congelados
mini bombon helado chocolate y caramelo double magnum 6 ud,6 ud,6.45,1.075,magnum,congelados
helado proteina con cacahuete carrefour sensation sin gluten y sin azucar anadido 300 g,300 g,3.29,10.966666666666667,carrefour,congelados
nuggets chilli cheese pickers by mccain 230 g,230 g,4.45,19.347826086956523,mccain,congelados
menestra de la huerta findus 650 g,650 g,5.55,8.538461538461538,findus,congelados
croquetas de espinacas recetas artesanas la cocinera 400 g,400 g,5.55,13.874999999999998,la cocinera,congelados
seleccion de setas enteras findus 300 g,300 g,4.59,15.3,findus,congelados
helado mini utopia magnum 6 uds,6 uds,6.69,1.115,magnum,congelados
mini bombon helado chocolate blanco almendrado extra carrefour 8 ud,8 ud,2.99,0.37375,carrefour,congelados
nuggets originales heura 400 g,400 g,8.99,22.474999999999998,hera,congelados
helado bombon clasico magnun sin gluten 6 ud,6 ud,7.95,1.325,magnum,congelados
merluza argentina sin cabeza carrefour el mercado 750 g aprox,750 g,5.21,6.946666666666666,carrefour,congelados
cono helado de vainilla con nueces pecanas y dulce de arce carrefour extra 6 uds,6 uds,4.35,0.725,carrefour,congelados
nuggets vegetal carrefour sensation 275 g,275 g,3.39,12.327272727272726,carrefour,congelados
moussaka berenjena pollo y cerdo sensation carrefour 500 g,500 g,4.05,8.1,carrefour,congelados
conos con helado de nata y salsa de chocolate soft cornetto 4 ud,4 ud,5.45,1.3625,cornetto,congelados
mini helado bombon speculoos carrefour sensation 6 uds,6 uds,2.09,0.34833333333333333,carrefour,congelados
tronquitos de merluza carrefour extra 500 g,500 g,5.05,10.1,carrefour,congelados
bao de pollo carrefour sensation 180 g,180 g,3.85,21.38888888888889,carrefour,congelados
escalopines vegetal carrefour sensation 270 g,270 g,3.49,12.925925925925926,carrefour,congelados
navajas crudas procedente de pesca sostenible carrefour 500 g,500 g,6.45,12.9,carrefour,congelados
fingers vegetal sabor pollo carrefour sensation 275 g,275 g,3.49,12.690909090909091,carrefour,congelados
tiras de calabacin rebozas y prefritas maheso 300 g,300 g,3.29,10.966666666666667,maheso,congelados
gamba salvaje pelada cruda 88123 piezas grand krust 600 g,600 g,17.95,29.916666666666668,grand krust,congelados
nachos crujientes cheddar pickers by mccain 230 g,230 g,4.55,19.782608695652172,mccain,congelados
burger bulgur y garbanzos a la provenzal carrefour veggie 400 g,400 g,4.99,12.475,carrefour veggie,congelados
fingers vegetal sabor mozzarella sensation carrefour 275 g,275 g,3.49,12.690909090909091,carrefour,congelados
gamba cocida gambafresh 750 g,750 g,12.25,16.333333333333332,gambafresh,congelados
albondigas de proteinas de guisantes green cuisine findus 240 g,240 g,5.15,21.458333333333336,green cuisine,congelados
helado pirulo mini tropical nestle sin gluten 6 ud,6 ud,5.49,0.915,pirulo,congelados
bombon helado de vainilla con chocolate blanco magnum sin gluten 6 ud,6 ud,7.95,1.325,magnum,congelados
muslitos de mar sabor cangrejo pescanova 250 g,250 g,2.99,11.96,pescanova,congelados
bombon almond remix magnum 3 ud,3 ud,5.05,1.6833333333333333,magnum,congelados
pizza margarita goodfellas 334 g,334 g,3.99,11.946107784431138,goodfelllas,congelados
gamba pelada salvaje cruda congelada 5388 piezas grand krust 600 g,600 g,20.1,33.50000000000001,grand krust,congelados
bocas y pechos cocidos carrefour 540 g,540 g,12.39,22.944444444444443,carrefour,congelados
langostino crudo congelado pescatrade 1 kg,1 kg,10.95,10.95,marca nacional sin marca,congelados
burguer deluxe garden gourmet 180 g,180 g,3.59,19.944444444444443,garden gourmet,congelados
gambon argentino pelado mares del sur 250 g,250 g,8.39,33.56,Desconocida,congelados
bogavante procedente de pesca sostenible crudo congelado carrefour 400 g,400 g,16.05,40.125,carrefour,congelados
gamba blanca cocida congelada carrefour extra 500 g,500 g,10.65,21.3,carrefour,congelados
coco helado gely 2 uds,2 uds,2.75,1.375,gely,congelados
salteado de verduras especial wok grand krust 350 g,350 g,4.05,11.571428571428571,grand krust,congelados
helado de crema de cafe hagen dazs sin gluten 460 ml,460 ml,7.89,17.152173913043477,haagen dazs,congelados
corazones de alcachofa troceados findus 300 g,300 g,5.49,18.3,findus,congelados
alitas de pollo estilo americano la cocinera 400 g,400 g,5.55,13.874999999999998,la cocinera,congelados
carne de vieira con coral congelada carrefour el mercado 250 g,250 g,11.95,47.8,carrefour,congelados
cornetto sandwich filipinos negros heartbrand 4 ud,4 ud,6.59,1.6475,cornetto,congelados
lomos de bacalao sin sal carrefour el mercado 300 g,300 g,8.95,29.833333333333332,circulo de calidad,congelados
bombon helado almendrado sin azucares anadidos nestle 3 ud,3 ud,6.59,2.1966666666666668,nestle,congelados
lomos de bacalao ultracongelado pescanova 300 g,300 g,8.39,27.96666666666667,pescanova,congelados
preparado para tortilla de patata con cebolla caramelizada verleal sin gluten 450 g,450 g,4.45,9.88888888888889,verleal,congelados
helado vegetal sabor chocolate y brownie carrefour sensation 300 g,300 g,3.65,12.166666666666666,carrefour,congelados
croquetas de bacalao con cebolla caramelizada la cocina de senen sin gluten 250 g,250 g,4.59,18.36,la cocina de senen,congelados
cigala cruda congelada carrefour extra 800 g,800 g,23.2,28.999999999999996,carrefour,congelados
supremas de atun congelado findus 230 g,230 g,10.15,44.130434782608695,findus,congelados
nuggets de proteina de guisante y trigo green cuisine findus 250 g,250 g,4.99,19.96,green cuisine,congelados
pechuga de pollo cryspy chicken americana fripozo 230 g,230 g,3.59,15.608695652173912,fripozo,congelados
patatas original tradition mccain 25 kg,25 kg,8.95,0.358,mccain,congelados
guisantes salteados con jamon findus 230 g,230 g,3.59,15.608695652173912,findus,congelados
arroz con pollo tikka masala findus 400 g,400 g,5.09,12.725,findus,congelados
helado con caramelo y cobertura de cacao mars 5 uds,5 uds,5.09,1.018,mars,congelados
bombon helado classico blanco y almendras magnun sin gluten 6 ud,6 ud,7.95,1.325,magnum,congelados
burgers de proteina de soja y guisantes con especias ultracongeladas green cuisine findus 209 g,209 g,4.85,23.205741626794257,green cuisine,congelados
pizza de queso take away goodfellas 555 g,555 g,5.75,10.36036036036036,goodfelllas,congelados
tarrina sundae marshmellow  more ben  jerrys 427 ml,427 ml,7.79,18.243559718969557,benjerrys,congelados
porciones de rape sin piel crudas delfin 300 g,300 g,4.49,14.966666666666669,delfin,congelados
helado con cacahuetes caramelo blando cubierto con manteca de cacao snickers white 5 uds,5 uds,5.09,1.018,snicker,congelados
mini bombon helado de coco con trocitos de almendras sensation carrefour 4 ud,4 ud,4.35,1.0875,carrefour,congelados
pochas findus 400 g,400 g,7.19,17.975,findus,congelados
pulpo cocido troceado congelado carrefour 285 g,285 g,10.95,38.421052631578945,carrefour,congelados
crepe rellena de crema para untar de avellanas y cacao nutella 240 g,240 g,6.59,27.458333333333332,nutella,congelados
espinacas en hojas ultracongeladas findus 400 g,400 g,2.99,7.4750000000000005,findus,congelados
puntilla limpia cruda congelada delfin 450 g,450 g,5.29,11.755555555555555,delfin,congelados
preparado para paella de marisco findus sin gluten 400 g,400 g,5.79,14.475,findus,congelados
helado caramel y nuts bar magnum 4 uds,4 uds,4.99,1.2475,magnum,congelados
sandwich de soja valsoia 8 ud,8 ud,6.05,0.75625,valsoia,congelados
mini conos de chocolate negro y chocolate blanco carrefour extra 10 uds,10 uds,2.75,0.275,carrefour,congelados
bombon helado kinder chocolate 4 ud,4 ud,4.75,1.1875,kinder,congelados
tarta tatin ultacongelada carrefour 600 g,600 g,6.79,11.316666666666666,carrefour,congelados
preparado de marisco para paella delfin 480 g,480 g,4.65,9.687500000000002,delfin,congelados
tiras estilo americano de proteina de guisante y trigo green cuisine findus 210 g,210 g,4.95,23.571428571428573,green cuisine,congelados
salmon plateado grand krust 150 g,150 g,5.85,39.0,grand krust,congelados
helado salt caramel brownie ben  jerrys 10 uds,10 uds,4.99,0.499,benjerrys,congelados
carne de vieira con coral congelada carrefour extra 300 g,300 g,14.99,49.96666666666667,carrefour,congelados
langostino vannamei congelado pescanova 180 g,180 g,5.99,33.27777777777778,pescanova,congelados
barritas de surimi krissia sin gluten sin lactosa 400 g,400 g,5.15,12.875,krissia,congelados
bombon helado de chocolate doble cobertura gely 6 uds,6 uds,3.65,0.6083333333333333,gely,congelados
tiras de pollo estilo americano la cocinera 360 g,360 g,5.69,15.805555555555557,la cocinera,congelados
preparado alimenticio vegetal congelado con sabor a pollo valsoia 200 g,200 g,5.85,29.249999999999996,valsoia,congelados
buey de mar cocido congelado extra carrefour 400 g,400 g,7.85,19.624999999999996,carrefour,congelados
tarta helada biscoff 358 g,358 g,5.59,15.614525139664805,lotus,congelados
helado sabor galleta con caramelo magnum 4 ud,4 ud,4.99,1.2475,magnum,congelados
bocas de cangrejo africano crudas carrefour extra 500 g,500 g,9.85,19.7,carrefour,congelados
langostino cocido extra pescanova 800 g,800 g,12.15,15.1875,pescanova,congelados
carabinero crudo congelado carrefour extra 400 g,400 g,47.1,117.75,carrefour,congelados
tortilla de patatas la cocina de senen sin gluten 400 g,400 g,6.39,15.974999999999998,la cocina de senen,congelados
samosas vegetales tiger khan 200 g,200 g,4.69,23.45,tiger khan,congelados
esparrago verde entero findus 200 g,200 g,5.59,27.95,findus,congelados
salchichas cubiertas de hojaldre horneadas pukka pies 170 g,170 g,2.29,13.470588235294118,pukka pies,congelados
croquetas de marisco la cocina de senen 200 g,200 g,4.59,22.95,la cocina de senen,congelados
sepia limpia cruda congelada delfin 400 g,400 g,7.69,19.225,delfin,congelados
pincho de huevo con bacon y patata la cocina de senen sin gluten 120 g,120 g,10.59,88.25,la cocina de senen,congelados
patatas original steakhouse mccain 1 kg,1 kg,4.15,4.15,mccain,congelados
pechuga de pollo cryspy chicken mexicana fripozo 230 g,230 g,3.09,13.43478260869565,fripozo,congelados
pechuga estilo kentucky maheso sin gluten 225 g,225 g,4.99,22.177777777777777,maheso,congelados
chicken bites la cocinera 250 g,250 g,5.39,21.56,la cocinera,congelados
porciones de carne de pavo rebozadas maheso sin gluten 400 g,400 g,3.55,8.874999999999998,maheso,congelados
filetes de haddock youngs 440 g,440 g,14.75,33.52272727272727,youngs,congelados
cigalas crudas congeladas carrefour extra 700 g,700 g,25.1,35.85714285714286,carrefour,congelados
lomo extra de salmon noruego sin espinas congelado carrefour el mercado 500 g,500 g,24.95,49.9,carrefour,congelados
necoras cocidas carrefour 500 g,500 g,7.49,14.98,carrefour,congelados
alitas de pollo marinadas sabor barbacoa la cocinera 300 g,300 g,5.59,18.633333333333333,la cocinera,congelados
gamba blanca cruda carrefour extra 1 kg,1 kg,15.05,15.05,carrefour,congelados
bocaditos de gamba al ajillo ultracongelados delfin 200 g,200 g,5.55,27.749999999999996,delfin,congelados
cigala cruda congelada delfin 700 g,700 g,21.9,31.285714285714285,delfin,congelados
tortilla de patatas con cebolla la cocina de senen sin gluten 600 g,600 g,7.89,13.15,la cocina de senen,congelados
dim sum al vapor carrefour sensation 270 g,270 g,3.99,14.777777777777777,carrefour,congelados
pulpo crudo entero congelado carrefour 1350 g,1350 g,26.1,19.333333333333332,carrefour,congelados
langostino marfil 1624 carrefour extra 800 g,800 g,23.3,29.125,carrefour,congelados
mix de brochetas yakitori  yaki tsukune carrefour sensation 200 g,200 g,4.99,24.95,carrefour,congelados
gambas al ajillo la gula del norte 230 g,230 g,6.65,28.91304347826087,la gula del norte,congelados
pad thai de pollo carrefour sensation 350 g,350 g,4.99,14.257142857142858,carrefour,congelados
risotto de setas maheso 350 g,350 g,2.19,6.257142857142857,maheso,congelados
braseado verdura con pollo carrefour 450 g,450 g,2.45,5.444444444444445,carrefour,congelados
jamoncitos de pollo congelado 1 kg,1 kg,3.3,3.3,Desconocida,congelados
nuggets rebozado fino recetas crujientes la cocinera 400 g,400 g,4.95,12.375,la cocinera,congelados
empanadillas de atun carrefour 500 g,500 g,1.9,3.8,carrefour,congelados
yuca en trozos goya 500 g,500 g,1.9,3.8,goya,congelados
pizza de atun fina y crujiente forno di pietra buitoni 345 g,345 g,3.65,10.579710144927537,buitoni,congelados
pizza barbacoa carrefour 350 g,350 g,2.15,6.142857142857143,carrefour,congelados
nuggets recetas crujientes la cocinera 350 g,350 g,4.95,14.142857142857144,la cocinera,congelados
croquetas de cocido casero y jamon serrano la cocinera 500 g ,500 g,4.95,9.9,la cocinera,congelados
bombon after dinner classic magnun sin gluten 8 ud,8 ud,5.55,0.69375,magnum,congelados
sandwich cookie maxibon nestle 4 ud,4 ud,6.49,1.6225,maxibon,congelados
pizza mozzarella ristorante dr oetker 355 g,355 g,3.75,10.563380281690142,ristorante,congelados
croquetas de jamon iberico la cocinera 400 g,400 g,4.95,12.375,la cocinera,congelados
galletas para helados mels 20 ud,20 ud,0.54,0.027000000000000003,mels,congelados
conos con helado de tres chocolates carrefour 6 ud,6 ud,3.09,0.515,carrefour,congelados
helado sorbete de limon carrefour 580 g,580 g,2.35,4.051724137931035,carrefour,congelados
mango congelado carrefour 450 g,450 g,3.59,7.977777777777777,carrefour,congelados
pizza de espinacas ristorante dr oetker 390 g,390 g,3.75,9.615384615384615,ristorante,congelados
baguettes de atun carrefour classic 262 g,262 g,1.99,7.595419847328244,carrefour,congelados
helado chocolate fudge brownie ben  jerrys 465 ml,465 ml,6.99,15.032258064516128,benjerrys,congelados
canelones de carne la cocinera 500 g,500 g,4.35,8.7,la cocinera,congelados
helado de menta chocolate extra carrefour 1000 ml,1000 ml,3.09,3.09,carrefour,congelados
patatas fritas corte fino especial horno carrefour classic 600 g,600 g,1.44,2.4,carrefour,congelados
brocoli ultracongelado carrefour classic 900 g,900 g,2.09,2.322222222222222,carrefour,congelados
langostino salvaje cocido 2432 carrefour extra 800 g,800 g,17.25,21.5625,carrefour,congelados
langostinos blancos crudos congelados gambafresh 750 g,750 g,14.99,19.986666666666668,gambafresh,congelados
carne zamburina congelado delfin 270 g,270 g,12.09,44.77777777777777,delfin,congelados
bacalao troceado congelado 400 g,400 g,3.95,9.875,carrefour,congelados
pizza salame buitoni 195 g,195 g,2.39,12.256410256410257,buitoni,congelados
pizza burguer buitoni 195 g,195 g,2.39,12.256410256410257,buitoni,congelados
pizza mozzarella buitoni 195 g,195 g,2.39,12.256410256410257,buitoni,congelados
filetes de merluza argentina sin piel ultracongelados pescanova 400 g,400 g,5.99,14.975,pescanova,congelados
pizza espinacas buitoni 195 g,195 g,2.39,12.256410256410257,buitoni,congelados
viera rellena de buey de mar y centollo 100 g,100 g,2.49,24.900000000000002,Desconocida,congelados
hielo en cubitos carrefour classic 2 kg,2 kg,1.11,0.555,carrefour,congelados
hielo cocktail carrefour 2 kg,2 kg,1.36,0.68,carrefour,congelados
porciones vegetarianas a base de proteina de soja y gluten de trigo garden gourmet 180 g,180 g,3.55,19.72222222222222,garden gourmet,congelados
helado de vainilla y macadamia con salsa de caramelo carrefour sensation 900 ml,900 ml,3.29,3.6555555555555554,carrefour,congelados
patatas corte para bravas carrefour 750 g,750 g,1.69,2.2533333333333334,carrefour,congelados
lomos de merluza del cabo con piel ultracongelados pescanova 400 g,400 g,7.39,18.474999999999998,pescanova,congelados
arandanos congeladas fruiteelicious 300 g,300 g,2.79,9.3,fruiteedelicious,congelados
crepes jamon y queso carrefour pack de 6 unidades de 50 g,pack de 6 unidades de 50 g,1.99,6.633333333333334,carrefour,congelados
frutos rojo congelados fruiteelicious 300 g,300 g,2.25,7.5,fruiteedelicious,congelados
capricho mar pescanova 600 g,600 g,4.69,7.816666666666667,pescanova,congelados
solomillo de pollo kentucky fripozo 250 g,250 g,3.75,15.0,fripozo,congelados
pizza margherita italpizza 410 g,410 g,3.99,9.731707317073171,marca nacional sin marca,congelados
maiz dulce en grano carrefour 400 g,400 g,1.24,3.0999999999999996,carrefour,congelados
bombones helados salted caramel  almond magnum 12 ud,12 ud,5.55,0.46249999999999997,magnum,congelados
preparado vegetariano a base de proteinas de soja y trigo classic filet garden gourmet 150 g,150 g,4.25,28.333333333333336,garden gourmet,congelados
granizado de limon carrefour sensation sin gluten pack de 6 unidades de 200 ml,pack de 6 unidades de 200 ml,2.59,2.158333333333333,carrefour,congelados
sandwich de nata nordwik 5 uds,5 uds,1.99,0.398,Desconocida,congelados
bombones helados gold caramel billionaire magnum 12 ud,12 ud,5.55,0.46249999999999997,magnum,congelados
cebolla cubos carrefour 400 g,400 g,0.93,2.325,carrefour,congelados
chipiron enharinado congelado carrefour 300 g,300 g,4.85,16.166666666666668,carrefour,congelados
soup dumplings de pollo itsu 168 g,168 g,4.45,26.488095238095237,itsu,congelados
gamba arrocera congelada 500 g aprox,500 g,5.94,11.88,marca nacional sin marca,congelados
filetes de merluza al huevo pescanova sin gluten 400 g,400 g,7.09,17.724999999999998,pescanova,congelados
menestra de verduras ecologicas carrefour bio 600 g,600 g,3.15,5.25,carrefour bio,congelados
preparado vegetal estilo filete de pescado rebozado heura 160 g,160 g,5.59,34.9375,hera,congelados
patatas chef gourmet mccain 500 g,500 g,3.65,7.3,mccain,congelados
pizza margarita pack de 3 pizzas de 300 g,pack de 3 pizzas de 300 g,3.75,12.5,simpl,congelados
mini sandwich sabor vainilla sensation carrefour 6 ud,6 ud,2.95,0.4916666666666667,carrefour,congelados
helado caramel brownie party benjerrys 465 ml,465 ml,6.99,15.032258064516128,benjerrys,congelados
porciones vegetarianas a base de espinacas arroz y queso garden gourmet 180 g,180 g,4.25,23.61111111111111,garden gourmet,congelados
bogavante crudo chef del mar 400 g aprox,400 g,15.89,39.725,marca nacional sin marca,congelados
langostino vannamei cocido pelado carrefour classic 220 g,220 g,4.75,21.59090909090909,carrefour,congelados
langostino vannamei cocido 3040 piezas carrefour classic 400 g,400 g,4.69,11.725,carrefour,congelados
cono white kinder bueno 4 d,1 paquete,4.75,4.75,kinder,congelados
steamed dumplings vegetales itsu 168 g,168 g,4.45,26.488095238095237,itsu,congelados
ensalada de algas wakame 125 g,125 g,1.67,13.36,marca nacional sin marca,congelados
tarta helada al whisky nestle helados 580 g,580 g,13.19,22.74137931034483,nestle,congelados
helado de cacahuetes y caramelo blando cubierto por una capa de cacao snickers 5 ud,5 ud,5.09,1.018,snicker,congelados
conos con helado kit kat nestle 4 ud,4 ud,5.25,1.3125,nestle,congelados
buey de mar cocido 600 g,600 g,10.95,18.25,marca  nacional sin marca,congelados
langostino cocido congelado 3040 ud pescatrade 900 g,900 g,11.95,13.277777777777777,marca nacional sin marca,congelados
varitas tipo pescado green cuisine findus 336 g,336 g,4.85,14.434523809523808,findus,congelados
canelones con espinacas sin gluten schr sin gluten 300 g,300 g,5.45,18.166666666666668,schar,congelados
filetes de bacalao congelados dimar 360 g,360 g,9.25,25.694444444444446,dimar,congelados
rissoto de setas findus 400 g,400 g,4.45,11.125,findus,congelados
batata carrefour extra 500 g,500 g,2.49,4.98,carrefour,congelados
empanada  de carne pukka pies 240 g,240 g,4.19,17.458333333333336,pukka pies,congelados
arandanos carrefour classic 650 g,650 g,4.45,6.846153846153846,carrefour,congelados
langostino crudo congelado ecologico 500 g,500 g,10.95,21.9,marca  nacional sin marca,congelados
langostinos pink ultracongelado caja de 500 g,500 g,8.95,17.9,marca  nacional sin marca,congelados
mini sandwich sabor pop corn carrefour sensation 6 ud,6 ud,2.99,0.49833333333333335,carrefour,congelados
langostino cocido congelado ecologico 500 g,500 g,10.95,21.9,marca nacional sin marca,congelados
sandwich nata super gely 6 uds,6 uds,3.69,0.615,gely,congelados
frambuesas carrefour classic 500 g,500 g,5.59,11.18,carrefour,congelados
langostino cocido congelado 900 g,900 g,10.95,12.166666666666666,marca nacional sin marca,congelados
pizza brezel 5 quesos buitoni 410 g,410 g,4.75,11.585365853658537,buitoni,congelados
salteadas al ajillo la gula del norte 230 g,230 g,6.65,28.91304347826087,la gula del norte,congelados
pan de molde integral warburtons 800 g,800 g,5.25,6.5625,warburtons,congelados
tarta donuts glace 360 g,360 g,9.95,27.63888888888889,donuts,congelados
gambon n 2 congelado 500 g aprox,500 g,4.75,9.5,marca nacional sin marca,congelados
buey de mar cocido globalimar pieza 1 kg,1 kg,12.99,12.99,Desconocida,congelados
mejillon entero cocido congelado carrefour extra 500 g,500 g,3.49,6.98,carrefour,congelados
cola de langosta del caribe cruda congelado carrefour extra 300 g,300 g,23.9,79.66666666666667,carrefour,congelados
langosta cruda cortada congelada delfin 280 g aprox,280 g,10.89,38.89285714285714,marca  nacional sin marca,congelados
caprichos de quezo azul y cebolla caramelizada carrefour extra 350 g,350 g,2.49,7.114285714285716,carrefour,congelados
caprichos de carrillera carrefour extra 350 g,350 g,2.49,7.114285714285716,carrefour,congelados
caprichos de rape y gambas carrefour extra 350 g,350 g,2.49,7.114285714285716,carrefour,congelados
gyozas de langostinos setas y trufa carrefour extra 220 g,220 g,2.49,11.318181818181818,carrefour,congelados
gyozas de carrillera con setas carrefour extra 220 g,220 g,2.49,11.318181818181818,carrefour,congelados
caprichos de pulpo a la gallega carrefour extra 350 g,350 g,2.49,7.114285714285716,carrefour,congelados
arroz con pollo con salsa kimchi carrefour sensation 350 g,350 g,4.99,14.257142857142858,carrefour,congelados
rollitos rellenos de verduras con un sobre de salsa agridulce picante carrefour sensation 330 g,330 g,2.99,9.06060606060606,carrefour,congelados
bombon helado chocolate con leche 6 ud,6 ud,2.55,0.425,simpl,congelados
langostino crudo carrefour 800 g,800 g,7.89,9.862499999999999,carrefour,congelados
conos con helado de vainilla carrefour extra 6 ud,6 ud,2.39,0.3983333333333334,carrefour,congelados
san jacobo tenedor de plata 320 g,lata 320 g,1.43,4.46875,tenedor de plata,congelados
filete de merluza del cabo carrefour 600 g,600 g,5.19,8.65,carrefour,congelados
alas de pollo congeladas 1 kg,1 kg,4.09,4.09,Desconocida,congelados
sucedaneo de angulas 200 g,200 g,1.69,8.45,simpl,congelados
almejas del pacifico cruda congelado carrefour 600 g,600 g,2.29,3.816666666666667,carrefour,congelados
pizza bolonesa ristorante dr oetker 375 g,375 g,3.75,10.0,ristorante,congelados
lasana bolonesa la cocinera 500 g,500 g,4.35,8.7,la cocinera,congelados
canelones de carne de cerdo carrefour extra 500 g,500 g,2.59,5.18,carrefour,congelados
habas baby carrefour 200 g,200 g,0.8,4.0,carrefour,congelados
pizza speciale forno di pietra buitoni 350 g,350 g,3.99,11.400000000000002,buitoni,congelados
mini sandwich de nata con pepitas de chocolate carrefour 6 ud,6 ud,2.45,0.4083333333333334,carrefour,congelados
gamba pelada grande pescatrade 400 g,400 g,7.49,18.724999999999998,marca nacional sin marca,congelados
nuggets de merluza congelado pescanova sin gluten 360 g,360 g,2.85,7.916666666666667,pescanova,congelados
pizza de jamon y champinones fina y crujiente forno di pietra buitoni 340 g,340 g,3.65,10.735294117647058,buitoni,congelados
pizza de bacon carrefour 315 g,315 g,2.25,7.142857142857143,carrefour,congelados
anillas a la romana marnatura 400 g,400 g,1.72,4.3,marnatura,congelados
arroz blanco precocido ultracongelado carrefour classic pack 6 unidades de 167 g,pack 6 unidades de 167 g,1.99,0.33166666666666667,carrefour,congelados
patatas golden long mccain 1 kg,1 kg,4.05,4.05,mccain,congelados
arroz tres delicias con marisco carrefour 500 g,500 g,2.09,4.18,carrefour,congelados
bombon helado chocolate double magnum 3 ud,3 ud,4.95,1.6500000000000001,magnum,congelados
pizza mozzarella ristorante dr oetker sin gluten sin lactosa 370 g,370 g,3.75,10.135135135135135,ristorante,congelados
leche semidesnatada carrefour brik 1 l,brik 1 l,0.88,0.88,carrefour,ladespensa
leche entera carrefour brik 1 l,brik 1 l,0.97,0.97,carrefour,ladespensa
atun claro en aceite de oliva classic carrefour pack de 8 latas de 52 g,pack de 8 latas de 52 g,6.59,15.841346153846155,carrefour,ladespensa
leche desnatada carrefour brik 1 l,brik 1 l,0.84,0.84,carrefour,ladespensa
leche semidesnatada central lechera asturiana brik 1 l,brik 1 l,1.17,1.17,central lechera asturiana,ladespensa
leche semidesnatada carrefour sin lactosa brik 1 l,brik 1 l,0.96,0.96,carrefour,ladespensa
hielo en cubitos carrefour 2 kg,2 kg,1.11,0.555,carrefour,ladespensa
guacamole carrefour 200 g,200 g,1.69,8.45,carrefour,ladespensa
azucar blanco carrefour classic 1 kg,1 kg,0.99,0.99,carrefour,ladespensa
leche entera central lechera asturiana brik 1 l,brik 1 l,1.29,1.29,central lechera asturiana,ladespensa
leche desnatada carrefour sin lactosa brik 1 l,brik 1 l,0.93,0.93,carrefour,ladespensa
leche semidesnatada president brik 1 l,brik 1 l,1.02,1.02,president,ladespensa
cafe latte cappuccino carrefour sensation sin gluten 250 ml,250 ml,0.85,3.4,carrefour,ladespensa
leche entera president brik 1 l,brik 1 l,1.05,1.05,president,ladespensa
arroz largo categoria 1 carrefour classic 1 kg,1 kg,1.35,1.35,carrefour,ladespensa
arroz categoria primera carrefour 1 kg ,1 kg,1.3,1.3,carrefour,ladespensa
bebida de avena calcio sin azucar anadido carrefour brik 1 l,brik 1 l,0.92,0.92,carrefour,ladespensa
atun claro en aceite de girasol carrefour pack de 6 latas de 52 g,pack de 6 latas de 52 g,3.49,11.185897435897436,carrefour,ladespensa
leche entera brik 1 l,brik 1 l,0.95,0.95,simpl,ladespensa
leche semidesnatada brik 1 l,brik 1 l,0.86,0.86,simpl,ladespensa
pan de molde blanco con corteza carrefour classic sin azucares anadidos 820 g,820 g,1.18,1.4390243902439024,carrefour,ladespensa
cafe latte macchiatto carrefour sensation sin gluten 250 ml,250 ml,0.85,3.4,carrefour,ladespensa
pistachos tostados y salados classic carrefour 400 g,400 g,5.69,14.225,carrefour,ladespensa
berlina glace donuts 4 ud,4 ud,2.85,0.7125,donuts,ladespensa
pizza 5 quesos con salsa queso semicurado pizza  salsa campofrio 365 g,365 g,3.09,8.465753424657533,campofrio,ladespensa
nueces sin cascara original carrefour 200 g,200 g,2.69,13.45,carrefour,ladespensa
aceite de oliva virgen extra maestros de hojiblanca 1 l,1 l,7.79,7.79,maestros de hojiblanca,ladespensa
mayonesa carrefour envase 500 ml 475g,500 ml,1.62,3.24,carrefour,ladespensa
vinagre de vino blanco carrefour 1 l,1 l,0.62,0.62,carrefour,ladespensa
bollito recubierto de chocolate blanco rayado donettes 8 ud,8 ud,2.85,0.35625,donettes,ladespensa
magdalena redonda classic carrefour 615 g,615 g,2.19,3.5609756097560976,carrefour,ladespensa
leche desnatada central lechera asturiana sin lactosa brik 1 l,brik 1 l,1.33,1.33,central lechera asturiana,ladespensa
gazpacho carrefour sin gluten 1 l,1 l,1.6,1.6,carrefour,ladespensa
torreznos classic carrefour sin gluten 100 g,100 g,1.44,14.399999999999999,carrefour,ladespensa
aceitunas verdes rellenas de anchoa carrefour 150 g,150 g,1.05,7.000000000000001,carrefour,ladespensa
mantequilla bocage 250 g,250 g,2.35,9.4,bocage,ladespensa
cafe molido natural carrefour classic 250 g,250 g,2.75,11.0,carrefour,ladespensa
huevos camperos pazo de vilane 12 ud,12 ud,4.49,0.3741666666666667,Desconocida,ladespensa
cafe latte cappuccino kaiku sin gluten 230 ml,230 ml,1.88,8.17391304347826,kaiku,ladespensa
bollo de petitas chocolate con leche weikis la bella easo 6 ud,6 ud,2.75,0.4583333333333333,la bella easo,ladespensa
hogaza masa madre the rustik bakery 400 g,400 g,2.79,6.975,bimbo,ladespensa
preparado lacteo con nueces omega 3 puleva sin gluten brik 1 l,brik 1 l,1.93,1.93,puleva,ladespensa
leche semidesnatada vita calcio puleva brik 1 l,brik 1 l,1.39,1.39,puleva,ladespensa
croissants rellenos de crema de cacao carrefour classic 360 g,360 g,1.95,5.416666666666667,carrefour,ladespensa
cachuetes fritos carrefour 250 g,250 g,0.99,3.96,carrefour,ladespensa
yogur natural danone pack de 8 unidades de 120 g,pack de 8 unidades de 120 g,1.95,2.03125,danone,ladespensa
hummus clasico carrefour extra sin gluten 240 g,240 g,1.15,4.791666666666666,carrefour,ladespensa
garbanzos cocidos sin sal anadida categoria extra classic carrefour 400 g,400 g,0.75,1.875,carrefour,ladespensa
copa de chocolate con nata carrefour pack de 4 unidades de 115 g,pack de 4 unidades de 115 g,1.4,3.043478260869565,carrefour,ladespensa
tortillas de trigo sensation carrefour 10 ud,10 ud,1.28,0.128,carrefour,ladespensa
tomate frito classic carrefour pack 3 briks de 215 g,pack 3 briks de 215 g,0.97,0.3233333333333333,carrefour,ladespensa
yogur liquido fresa y platano carrefour classicsin gluten 1 kg,1 kg,1.4,1.4,carrefour,ladespensa
yogur sabor fresa danone sin gluten pack de 4 unidades de 120 g,pack de 4 unidades de 120 g,0.99,2.0625,danone,ladespensa
bebida de avena ecologica carrefour bio sin azucar anadido brik 1 l,brik 1 l,1.57,1.57,carrefour bio,ladespensa
leche semidesnatada pascual sin lactosa brik 1 l,brik 1 l,1.35,1.35,pascual,ladespensa
galletas dinosaurus artiach 411 g,411 g,3.49,8.491484184914842,artiach,ladespensa
natillas de chocolate carrefour pack de 4 unidades de 125 g,pack de 4 unidades de 125 g,1.05,2.1,carrefour,ladespensa
filetes de caballa del sur en aceite de oliva classic carrefour pack de 2 unidades de 65 g,pack de 2 unidades de 65 g,2.29,17.615384615384617,carrefour,ladespensa
leche entera carrefour pack de 6 briks de 200 ml,pack de 6 briks de 200 ml,1.71,1.425,carrefour,ladespensa
pizza de jamon y queso casa tarradellas 405 g,405 g,3.29,8.123456790123456,casa tarradellas,ladespensa
patatas fritas estilo churreria original carrefour 150 g,150 g,1.1,7.333333333333334,carrefour,ladespensa
caldo casero de pollo gallina blanca sin gluten pack de 2 briks de 1 l,pack de 2 briks de 1 l,4.19,2.095,gallina blanca,ladespensa
pan de molde integral sin corteza carrefour 450 g,450 g,1.37,3.0444444444444447,carrefour,ladespensa
bebida de almendra calcio sin azucar anadido carrefour sin gluten brik 1 l,brik 1 l,1.27,1.27,carrefour,ladespensa
huevos frescos carrefour el mercado 24 ud,24 ud,5.69,0.23708333333333334,carrefour,ladespensa
aperitivo de patata cream  onion pringles 185 g,185 g,2.89,15.621621621621623,pringles,ladespensa
galletas mini con pepitas de chocolate chips ahoy 160 g,160 g,1.95,12.1875,chips ahoy,ladespensa
pizza 4 quesos carrefour 340 g,340 g,2.15,6.323529411764705,carrefour,ladespensa
batido de cacao carrefour sin gluten pack de 6 briks de 200 ml,pack de 6 briks de 200 ml,1.5,1.25,carrefour,ladespensa
leche semidesnatada ecologica carrefour bio brik 1 l,brik 1 l,1.3,1.3,carrefour eco,ladespensa
garbanzo cocido categoria extra luengo 400 g,400 g,1.31,3.275,luengo,ladespensa
pan burger brioche carrefour el mercado 260 g,260 g,2.99,11.5,carrefour,ladespensa
leche semidesnatada lauki brik 1 l,brik 1 l,1.17,1.17,lauki,ladespensa
mantequilla pastilla con sal carrefour classic 250 g,250 g,2.25,9.0,carrefour,ladespensa
aceitunas negras cacerenas sin hueso classic carrefour 150 g,150 g,1.07,7.133333333333334,carrefour,ladespensa
atun claro en aceite de oliva classic carrefour pack de 3 latas de 52 g,pack de 3 latas de 52 g,2.75,17.628205128205128,carrefour,ladespensa
leche entera con calcio carrefour brik 1 l,brik 1 l,1.17,1.17,carrefour,ladespensa
aros de chocolate blanco carrefour classic 128 g,128 g,0.99,7.734375,carrefour,ladespensa
pizza 4 quesos carrefour classic 400 g,400 g,2.69,6.725,carrefour,ladespensa
bebida de avena sin azucar anadido yosoy barista brik 1 l,brik 1 l,1.99,1.99,yosoy,ladespensa
pasta spaghetti n3 gallo 400 g,400 g,0.99,2.4749999999999996,gallo,ladespensa
flan de huevo al bano maria carrefour classic sin gluten pack de 4 unidades de 100 g,pack de 4 unidades de 100 g,1.5,3.75,carrefour,ladespensa
cafe latte carrefour sensation no lactosa sin gluten y sin lactosa 250 ml,250 ml,0.85,3.4,carrefour,ladespensa
aperitivo de patata sabor original pringles 185 g,185 g,2.89,15.621621621621623,pringles,ladespensa
nachos sabor original sensation carrefour sin gluten 150 g,150 g,0.99,6.6000000000000005,carrefour,ladespensa
serenitos con aceite de oliva seleccion gourmet 130 g,130 g,2.15,16.538461538461537,Desconocida,ladespensa
cafe latte de caramelo starbucks 220 ml,220 ml,2.09,9.5,starbucks,ladespensa
pistachos tostados y salados classic carrefour 200 g,200 g,2.89,14.45,carrefour,ladespensa
nuggets de pollo carrefour classic 500 g,500 g,2.69,5.38,carrefour,ladespensa
pizza prosciutto carrefour 330 g,330 g,2.15,6.515151515151515,carrefour,ladespensa
panecillos tostados clasicos carrefour extra 300 g,300 g,1.13,3.7666666666666666,carrefour,ladespensa
pipas de girasol gigantes saladas classic carrefour sin gluten 200 g,200 g,1.2,5.999999999999999,carrefour,ladespensa
patatas fritas sabor jamon serrano sensation carrefour 150 g,150 g,1.2,8.0,carrefour,ladespensa
leche desnatada 0 mg puleva sin lactosa botella 1 l,botella 1 l,1.37,1.37,puleva,ladespensa
huevos camperos circulo de calidad 6 ud,6 ud,2.4,0.39999999999999997,circulo de calidad,ladespensa
bifidus desnatado natural danone activia pack de 8 unidades de 120 g,pack de 8 unidades de 120 g,3.89,4.052083333333334,activia,ladespensa
tortas de aceite ines rosales 180 g,180 g,2.09,11.61111111111111,ines rosales,ladespensa
pistachos tostados sin sal anadida carrefour 150 g,150 g,2.25,15.0,carrefour,ladespensa
aperitivo de maiz sabor queso y bacon konos carrefour 100 g,100 g,0.8,8.0,carrefour,ladespensa
sandwich mixto carrefour 135 g,135 g,1.38,10.222222222222221,bon appetit,ladespensa
cafe cappuccino starbucks 220 ml,220 ml,2.09,9.5,starbucks,ladespensa
sandwich de nata carrefour 6 ud,6 ud,1.39,0.23166666666666666,carrefour,ladespensa
bebida de avena sin azucar alpro brik 1 l,brik 1 l,2.15,2.15,alpro,ladespensa
patatas fritas onduladas sabor jamon ruffles sin gluten 243 g,243 g,2.99,12.304526748971195,ruffles,ladespensa
nata para cocinar ligera 15 materia grasa classic carrefour 500 ml,500 ml,1.45,2.9,carrefour,ladespensa
leche desnatada 0 mg con calcio movit pascual brik 1 l,brik 1 l,1.66,1.66,pascual movit,ladespensa
bases de pizza artesanas extrafinas carrefour pack de 3 bases de 125 g,pack de 3 bases de 125 g,1.6,12.8,carrefour,ladespensa
yogur griego natural light carrefour extra 1 kg,1 kg,2.29,2.29,carrefour,ladespensa
yogur natural con azucar de cana carrefour classic pack de 8 unidades de 125 g,pack de 8 unidades de 125 g,1.33,1.33,carrefour,ladespensa
turron de chocolate clasico suchard 230 g,230 g,4.99,21.695652173913043,suchard,ladespensa
aceite de oliva virgen extra intenso coosur 1 l,1 l,7.49,7.49,coosur,ladespensa
huevos frescos carrefour el mercado 12 ud,12 ud,3.25,0.2708333333333333,carrefour,ladespensa
piccolinis jamon y queso buitoni 270 g,270 g,4.15,15.37037037037037,buitoni,ladespensa
maiz dulce classic carrefour sin sal y azucar anadido pack de 3 latas de 140 g,pack de 3 latas de 140 g,1.6,3.8095238095238098,carrefour,ladespensa
patatas fritas lisas classic carrefour 170 g,170 g,1.24,7.294117647058823,carrefour,ladespensa
pan de molde sin azucar anadido bimbo 430 g,430 g,1.58,3.674418604651163,bimbo,ladespensa
bebida de almendras sin azucar anadido ecologica carrefour bio sin gluten brik 1 l,brik 1 l,1.73,1.73,carrefour bio,ladespensa
hogaza masa madre con cereales y semillas the rustik bakery 400 g,400 g,3.05,7.624999999999999,bimbo,ladespensa
pizza barbacoa carrefour classic 400 g,400 g,2.39,5.975,carrefour,ladespensa
pizza 4 quesos casa tarradellas 390 g,390 g,3.29,8.435897435897436,casa tarradellas,ladespensa
galletas integrales de avena digestive carrefour sensation 425 g,425 g,0.99,2.3294117647058825,carrefour,ladespensa
aceite de oliva virgen carbonell 1 l,1 l,6.69,6.69,carbonell,ladespensa
yogur griego natural danone oikos pack de 4 unidades de 110 g,pack de 4 unidades de 110 g,2.79,6.340909090909091,oikos,ladespensa
leche desnatada central lechera asturiana botella 15 l,botella 15 l,1.69,0.11266666666666666,central lechera asturiana,ladespensa
yogur griego natural carrefour extra pack de 6 unidades de 125 g,pack de 6 unidades de 125 g,1.55,2.066666666666667,carrefour,ladespensa
aceite de oliva virgen extra carrefour extra 1 l,1 l,4.64,4.64,carrefour,ladespensa
pan de burger maxi classic carrefour 4 ud,4 ud,0.93,0.2325,carrefour,ladespensa
yogur sabor limon danone sin gluten pack de 4 unidades de 120 g,pack de 4 unidades de 120 g,0.99,2.0625,danone,ladespensa
pan rallado carrefour 750 g,750 g,0.85,1.1333333333333333,carrefour,ladespensa
arroz con leche carrefour pack de 4 unidades de 115 g,pack de 4 unidades de 115 g,1.24,2.6956521739130435,carrefour,ladespensa
magdalena valenciana carrefour classic 700 g,700 g,2.35,3.3571428571428577,carrefour,ladespensa
bifidus desnatado edulcorado natural danone activia pack de 8 unidades de 120 g,pack de 8 unidades de 120 g,3.89,4.052083333333334,activia,ladespensa
kefir natural carrefour sensation 500 g,500 g,1.68,3.36,carrefour,ladespensa
aceite de girasol para freir carrefour garrafa 5 l,5 l,8.55,1.7100000000000002,carrefour,ladespensa
salsa de tomate de la abuela original carrefour tarro 550 g,550 g,1.99,3.6181818181818177,carrefour,ladespensa
patatas fritas sabor jamon ruffles sin gluten 150 g,150 g,2.15,14.333333333333334,ruffles,ladespensa
yogur natural danone sin gluten pack de 4 unidades de 120 g,pack de 4 unidades de 120 g,0.99,2.0625,danone,ladespensa
patatas fritas onduladas sensation carrefour 170 g,170 g,1.24,7.294117647058823,carrefour,ladespensa
pasta plumas gallo 400 g,400 g,0.99,2.4749999999999996,gallo,ladespensa
pan de molde sin corteza carrefour classic 820 g,820 g,2.25,2.7439024390243905,carrefour,ladespensa
maiz dulce carrefour classic pack de 4 unidades de 70 g,pack de 4 unidades de 70 g,1.7,6.07142857142857,carrefour,ladespensa
vinagre de manzana carrefour 1 l,1 l,0.9,0.9,carrefour,ladespensa
nueces peladas original carrefour 400 g,400 g,5.05,12.624999999999998,carrefour,ladespensa
cafe molido natural carrefour classic 500 g,500 g,5.39,10.78,carrefour,ladespensa
aceite de girasol carrefour classic 1 l,1 l,1.8,1.8,carrefour,ladespensa
leche entera pascual brik 1 l,brik 1 l,1.39,1.39,pascual,ladespensa
cafe latte espresso carrefour sensation sin gluten 250 ml,250 ml,0.85,3.4,carrefour,ladespensa
leche semidesnatada pascual brik 1 l,brik 1 l,1.35,1.35,pascual,ladespensa
cookies con pepitas de chocolate carrefour classic 225 g,225 g,1.6,7.111111111111112,carrefour,ladespensa
yogur griego natural carrefour extra pack de 6 unidades de 125 g,pack de 6 unidades de 125 g,1.55,2.066666666666667,carrefour,ladespensa
leche semidesnatada con calcio carrefour brik 1 l,brik 1 l,1.05,1.05,carrefour,ladespensa
galletas rellenas de crema de chocolate mega carrefour classic 500 g,500 g,1.27,2.54,carrefour,ladespensa
kefir natural carrefour sensation 500 g,500 g,1.2,2.4,carrefour,ladespensa
leche entera carrefour sin lactosa brik 1 l,brik 1 l,1.04,1.04,carrefour,ladespensa
leche desnatada central lechera asturiana brik 1 l,brik 1 l,1.13,1.13,central lechera asturiana,ladespensa
pan de leche carrefour classic 350 g,350 g,1.36,3.885714285714286,carrefour,ladespensa
leche semidesnatada central lechera asturiana botella 15 l,botella 15 l,1.75,0.11666666666666667,central lechera asturiana,ladespensa
garbanzos cocidos categoria extra classic carrefour 400 g,400 g,0.75,1.875,carrefour,ladespensa
yogur griego con stracciatella carrefour extra sin gluten pack de 6 unidades de 125 g,pack de 6 unidades de 125 g,1.9,2.533333333333333,carrefour,ladespensa
tomate frito classic carrefour pack 3 briks de 390 g,pack 3 briks de 390 g,1.32,0.44,carrefour,ladespensa
leche semidesnatada central lechera asturiana sin lactosa brik 1 l,brik 1 l,1.38,1.38,central lechera asturiana,ladespensa
preparado lacteo omega 3 puleva sin gluten brik 1 l,brik 1 l,1.89,1.89,puleva,ladespensa
leche entera central lechera asturiana botella 15 l,botella 15 l,1.89,0.126,central lechera asturiana,ladespensa
bollito recubierto de chocolate clasicos donettes 8 ud,8 ud,2.85,0.35625,donettes,ladespensa
aceite de girasol koipe fritos 1 l,1 l,2.65,2.65,koipesol,ladespensa
atun claro al natural classic carrefour pack de 6 latas de 56 g,pack de 6 latas de 56 g,3.89,11.577380952380953,carrefour,ladespensa
pan de molde sin corteza bimbo 450 g,450 g,2.45,5.444444444444445,bimbo,ladespensa
leche semidesnatada carrefour botella 15 l,botella 15 l,1.48,0.09866666666666667,carrefour,ladespensa
pan de molde familiar sin azucar anadido bimbo 640 g,640 g,2.29,3.578125,bimbo,ladespensa
cafe molido mezcla carrefour classic 250 g,250 g,2.85,11.4,carrefour,ladespensa
copa con nata y chocolate carrefour classic 200 g,200 g,0.64,3.1999999999999997,carrefour,ladespensa
pan de brioche para hamburguesa dulcesol 4 ud,4 ud,1.78,0.445,dulcesol,ladespensa
leche entera lauki brik 1 l,brik 1 l,1.2,1.2,lauki,ladespensa
crackers carrefour 250 g,250 g,0.94,3.76,carrefour,ladespensa
doritos tex mex 140 g,x 140,1.64,0.011714285714285714,doritos,ladespensa
leche semidesnatada con calcio movit pascual brik 1 l,brik 1 l,1.66,1.66,pascual movit,ladespensa
patatas fritas al punto de sal lays sin gluten 150 g,150 g,1.64,10.933333333333334,lays,ladespensa
cafe molido mezcla carrefour classic 500 g,500 g,5.59,11.18,carrefour,ladespensa
galletas chip choco zero gullon sin azucar 125 g,125 g,2.65,21.2,gullon,ladespensa
yogur sabor macedonia danone sin gluten pack de 4 unidades de 120 g,pack de 4 unidades de 120 g,0.99,2.0625,danone,ladespensa
yogur griego de lima limon carrefour extra pack de 6 unidades de 125 g,pack de 6 unidades de 125 g,1.7,2.2666666666666666,carrefour,ladespensa
filetes de anchoa en aceite de oliva classic carrefour 30 g,30 g,1.24,41.333333333333336,carrefour,ladespensa
sal marina yodada fina classic carrefour 1 kg,1 kg,0.45,0.45,carrefour,ladespensa
palitos de pan con pipas carrefour pack de 2x90 g,2x90,1.32,0.014666666666666668,carrefour,ladespensa
conos con helado de nata y fresa con salsa de fresa carrefour 4 ud,4 ud,1.78,0.445,carrefour,ladespensa
picos camperos con aceite de oliva virgen extra classic carrefour 250 g,250 g,0.99,3.96,carrefour,ladespensa
huevos camperos circulo de calidad 12 ud,12 ud,3.99,0.3325,circulo de calidad,ladespensa
esparrago blanco carrefour 205 g,205 g,1.85,9.02439024390244,carrefour,ladespensa
wraps tortillas de trigo carrefour sensation sin aceite de palma 6 ud,6 ud,1.54,0.25666666666666665,carrefour,ladespensa
galletas tosta rica cuetara 760 g,760 g,3.89,5.118421052631579,tosta rica,ladespensa
tarta helada laminada de nata carrefour 525 g,525 g,1.99,3.7904761904761903,carrefour,ladespensa
canelones de carne price 300 g,300 g,1.08,3.6000000000000005,primer precio sin marca,ladespensa
harina de trigo gallo 1 kg,1 kg,1.52,1.52,gallo,ladespensa
tomate frito carrefour brik 390 g,brik 390 g,0.65,1.6666666666666667,carrefour,ladespensa
pizza de jamon y bacon con salsa de cebolla caramelizada pizza  salsa campofrio 360 g,360 g,3.09,8.583333333333334,campofrio,ladespensa
galletas de mantequilla con tabletas de chocolate carrefour classic 150 g,150 g,1.4,9.333333333333334,carrefour,ladespensa
sal marina refinada gruesa carrefour 1 kg,1 kg,0.4,0.4,carrefour,ladespensa
pan ciabatta 100 integral cristalino 2 uds de 95 g,95 g,1.65,17.36842105263158,Desconocida,ladespensa
colines integrales carrefour 250 g,250 g,0.8,3.2,carrefour,ladespensa
cuajada natural carrefour original pack de 4 unidades de 125 g,pack de 4 unidades de 125 g,1.25,2.5,carrefour,ladespensa
lasana bolonesa carrefour extra 500 g,500 g,2.59,5.18,carrefour,ladespensa
galletas de barquillo rellenas sabor nata carrefour 210 g,210 g,0.99,4.714285714285714,carrefour,ladespensa
yogur semidesnatado liquido de fresa carrefour 1 kg,1 kg,1.4,1.4,carrefour,ladespensa
arroz blanco cocido classic carrefour sin gluten pack de 2 unidades de 250 g,pack de 2 unidades de 250 g,1.1,2.2,carrefour,ladespensa
bifidus natural danone activia pack de 8 unidades de 120 g,pack de 8 unidades de 120 g,3.89,4.052083333333334,activia,ladespensa
pimientos del piquillo asados en tiras primera classic carrefour 225 g,225 g,1.1,4.888888888888889,carrefour,ladespensa
yogur griego de stracciatella danone sin gluten pack de 4 unidades de 110 g,pack de 4 unidades de 110 g,1.59,3.6136363636363638,danone,ladespensa
galletas de chocolate rellenas de crema mini oreo pack de 4 unidades de 40 g,pack de 4 unidades de 40 g,1.95,12.1875,oreo,ladespensa
ajo granulado carrefour classic 55 g,55 g,0.6,10.909090909090908,carrefour,ladespensa
lentejas cocidas categoria extra carrefour 400 g,400 g,0.8,2.0,carrefour,ladespensa
lenteja pardina categoria extra classic carrefour 1 kg,1 kg,2.09,2.09,carrefour,ladespensa
cafe intenso en capsulas carrefour compatible con dolce gusto 30 unidades de 7 g,7 g,6.49,927.1428571428571,carrefour,ladespensa
cacao soluble instantaneo nestle nesquik sin gluten 390 g,390 g,3.95,10.128205128205128,nesquik,ladespensa
bebida de almendras zero almond breeze sin gluten y sin lactosa brik 1 l,brik 1 l,2.19,2.19,almond breeze,ladespensa
magdalenas redondas la bella easo 16 ud,16 ud,3.15,0.196875,la bella easo,ladespensa
cafe capsulas con leche carrefour extra compatible con dolce gusto 30 unidades de 10 g,10 g,6.49,649.0,carrefour,ladespensa
gelatina sabor fresa jellies carrefour sin gluten pack de 6 unidades de 100 g,pack de 6 unidades de 100 g,0.99,1.6500000000000001,carrefour,ladespensa
aceite de oliva virgen extra arbequina coosur 1 l,1 l,7.49,7.49,coosur,ladespensa
leche desnatada pascual sin lactosa brik 1 l,brik 1 l,1.29,1.29,pascual,ladespensa
huevo de chocolate con sorpresa kinder sorpresa sin gluten 20 g,20 g,1.49,74.5,kinder,ladespensa
arroz basmati para microondas classic carrefour sin gluten pack de 2 unidades de 125 g,pack de 2 unidades de 125 g,1.15,4.6,carrefour,ladespensa
galletas de cacao rellenas de crema blackroll carrefour classic 220 g,220 g,0.86,3.909090909090909,carrefour,ladespensa
aceitunas verdes rellenas de anchoa carrefour pack de 3 unidades de 150 g,pack de 3 unidades de 150 g,3.15,7.0,carrefour,ladespensa
conos con helado de nata y chocolate con trozos de almendras tostadascarrefour 4 ud,4 ud,1.78,0.445,carrefour,ladespensa
yogur liquido desnatado sabor fresa proteina plus carrefour sensation sin gluten y sin azucar anadido 400 g,400 g,1.64,4.1,carrefour,ladespensa
chapelas cacao dulcesol 3 ud,3 ud,0.99,0.33,dulcesol,ladespensa
caldo de pollo reducido en sal classic carrefour sin gluten 1 l,1 l,1.2,1.2,carrefour,ladespensa
aperitivo de maiz zapitos carrefour kids sin gluten 80 g,80 g,0.75,9.375,carrefour kids,ladespensa
pan de molde para tostadas carrefour classic sin azucares anadidos 820 g,820 g,1.7,2.073170731707317,carrefour,ladespensa
ketchup heinz envase 700 g,700 g,3.79,5.414285714285715,heinz,ladespensa
macarrones carrefour 500 g,500 g,0.8,1.6,carrefour,ladespensa
palmeritas carrefour classic 270 g,270 g,1.45,5.37037037037037,carrefour,ladespensa
ensaimada carrefour classic 220 g,220 g,1.07,4.863636363636364,carrefour,ladespensa
galletas rellenas de arroz inflado y chips de chocolate choco flakes cuetara 100 g,100 g,4.09,40.9,cuetara,ladespensa
galletas recubiertas de chocolate con leche digestive carrefour sensation 300 g,300 g,1.4,4.666666666666667,carrefour,ladespensa
chocolate con leche carrefour classic sin gluten 150 g,150 g,1.6,10.666666666666668,carrefour,ladespensa
cafe latte starbucks 220 ml,220 ml,2.09,9.5,starbucks,ladespensa
leche desnatada vita calcio puleva brik 1 l,brik 1 l,1.39,1.39,puleva,ladespensa
masa pizza carrefour 260 g,260 g,1.21,4.653846153846153,carrefour,ladespensa
caldo de cocido carrefour sin gluten 1 l,1 l,0.9,0.9,carrefour,ladespensa
natillas de caramelo carrefour pack de 4 unidades de 125 g,pack de 4 unidades de 125 g,1.05,2.1,carrefour,ladespensa
guisantes muy finos classic carrefour 250 g,250 g,0.9,3.6,carrefour,ladespensa
leche desnatada fresca carrefour botella 1 l,botella 1 l,1.01,1.01,carrefour,ladespensa
patatas fritas campesinas lays sin gluten 150 g,150 g,2.09,13.933333333333334,lays,ladespensa
bifidus cremoso de lima y limon danone activia pack de 4 unidades de 115 g,pack de 4 unidades de 115 g,2.69,5.8478260869565215,activia,ladespensa
leche fermentada natural carrefour classic pack de 6 unidades de 125 g,pack de 6 unidades de 125 g,1.05,1.4000000000000001,carrefour,ladespensa
esparragos blancos cortos medios 1018 carrefour 110 g,110 g,1.25,11.363636363636363,carrefour,ladespensa
bocaditos al cacao carrefour classic 500 g,500 g,2.15,4.3,carrefour,ladespensa
galleta rellena de chocolate con leche lotus biscoff 150 g,150 g,1.84,12.266666666666667,lotus,ladespensa
panna cotta al caramelo carrefour pack de 4 unidades de 90 g,pack de 4 unidades de 90 g,1.08,3.0000000000000004,carrefour,ladespensa
leche semidesnatada central lechera asturiana botella 22 l,botella 22 l,2.45,0.11136363636363637,central lechera asturiana,ladespensa
yogur griego natural danone pack de 4 unidades de 110 g,pack de 4 unidades de 110 g,1.39,3.1590909090909087,danone,ladespensa
lenteja pardina categoria extra luengo 1 kg,1 kg,3.79,3.79,luengo,ladespensa
bombon chocolate con leche almendras y vainilla carefour 8 ud,8 ud,4.39,0.54875,carrefour,ladespensa
crackers integrales classic carrefour 250 g,250 g,0.94,3.76,carrefour,ladespensa
arroz basmati para microondas brillante pack de 2 unidades de 125 g,pack de 2 unidades de 125 g,1.42,5.68,brillante,ladespensa
mini bombon helado clasico y almendrado carrefour extra 8 ud,8 ud,2.89,0.36125,carrefour,ladespensa
leche entera central lechera asturiana sin lactosa brik 1 l,brik 1 l,1.42,1.42,central lechera asturiana,ladespensa
aperitivo de maiz sabor queso gustosines cheetos 75 g,75 g,1.36,18.133333333333336,cheetos,ladespensa
cafe latte light kaiku sin gluten y sin lactosa 230 ml,230 ml,1.88,8.17391304347826,kaiku,ladespensa
mantequilla tradicional central lechera asturiana 250 g,250 g,3.95,15.8,central lechera asturiana,ladespensa
snack de patata ligera carrefour 150 g,150 g,1.3,8.666666666666668,carrefour,ladespensa
lasana de carne price 300 g,300 g,1.23,4.1000000000000005,primer precio sin marca,ladespensa
nachos sabor tex mex y queso sensation carrefour 150 g,150 g,0.87,5.8,carrefour,ladespensa
batido de chocolate puleva sin gluten pack de 9 brik de 200 ml,pack de 9 brik de 200 ml,3.99,2.216666666666667,puleva,ladespensa
nachos sabor natural carrefour sensation 200 g,200 g,1.28,6.3999999999999995,carrefour,ladespensa
pan de molde integral natural 100 bimbo 450 g,450 g,2.95,6.555555555555555,bimbo,ladespensa
bizcocho choco roll carrefour classic 270 g,270 g,1.22,4.518518518518518,carrefour,ladespensa
margarina carrefour 500 g,500 g,1.5,3.0,carrefour,ladespensa
levadura fresca levanova sin gluten pack de 2 sobres de 25 g ,pack de 2 sobres de 25 g,0.52,0.26,levanova,ladespensa
tiburon carrefour 500 g,500 g,0.8,1.6,carrefour,ladespensa
cono de golosinas fini 70 g,70 g,1.51,21.57142857142857,fini,ladespensa
pasta fideo cabellin carrefour classic 500 g,500 g,0.8,1.6,carrefour,ladespensa
yogur con fresa nestle la lechera pack de 2 unidades de 125 g,pack de 2 unidades de 125 g,1.56,6.24,la lechera,ladespensa
judias verdes planas cortadas classic carrefour 360 g,360 g,1.2,3.3333333333333335,carrefour,ladespensa
cafe soluble natural carrefour classic  200 g,200 g,4.69,23.45,carrefour,ladespensa
flan de queso carrefour sin gluten pack de 4 unidades de 100 g,pack de 4 unidades de 100 g,1.99,4.975,carrefour,ladespensa
arroz categoria extra la fallera 1 kg,1 kg,1.74,1.74,la fallera,ladespensa
aceite de oliva virgen extra carbonell 1 l,1 l,7.65,7.65,carbonell,ladespensa
galletas digestive carrefour sensation 800 g,800 g,1.6,2.0,carrefour,ladespensa
chocolate con leche y almendras troceadas carrefour classic sin gluten 150 g,150 g,1.49,9.933333333333334,carrefour,ladespensa
arroz basmati sensation carrefour 1 kg,1 kg,2.19,2.19,carrefour,ladespensa
huevos ecologicos carrefour bio 10 ud,10 ud,4.99,0.499,carrefour bio,ladespensa
salteado verdura campestres carrefour 600 g,600 g,1.45,2.4166666666666665,carrefour,ladespensa
pizza de pollo asado con salsa de miel y mostaza pizza  salsa campofrio 355 g,355 g,3.09,8.704225352112676,campofrio,ladespensa
napolitanas rellenas de chocolate classic carrefour 320 g,320 g,1.55,4.84375,carrefour,ladespensa
bollo con pepitas de chocolate carrefour classic 6 ud,6 ud,1.58,0.26333333333333336,carrefour,ladespensa
galletas relenas de limon bocaditos cuetara 150 g,150 g,1.31,8.733333333333334,cuetara,ladespensa
galletas de chocolate rellenas de crema oreo 154 g,154 g,1.62,10.51948051948052,oreo,ladespensa
cacahuetes tostados con miel carrefour 125 g,125 g,0.99,7.92,carrefour,ladespensa
bonito del norte en aceite de oliva carrefour extra 72 g,72 g,1.82,25.277777777777782,carrefour,ladespensa
aceite de oliva virgen extra maestros de hojiblanca 5 l,5 l,32.8,6.56,maestros de hojiblanca,ladespensa
arroz redondo para microondas brillante pack de 2 unidades de 125 g,pack de 2 unidades de 125 g,1.29,5.16,brillante,ladespensa
aceite de oliva virgen carrefour classic 1 l,1 l,4.09,4.09,carrefour,ladespensa
pizza bolonesa carrefour 375 g,375 g,2.25,6.0,carrefour,ladespensa
leche semidesnatada carrefour pack de 6 briks de 200 ml,pack de 6 briks de 200 ml,1.64,1.3666666666666667,carrefour,ladespensa
nachos sabor chilli doritos 140 g,140 g,2.09,14.928571428571425,doritos,ladespensa
mini bombon helado de almendras negro blanco y chocolate extra carrefour 8 ud,8 ud,2.15,0.26875,carrefour,ladespensa
nachos al natural carrefour 200 g,200 g,1.32,6.6,carrefour,ladespensa
aceite de oliva intenso 1 carrefour 1 l,1 l,3.99,3.99,carrefour,ladespensa
yogur sabor coco fresa frutos del bosque y macedonia danone pack de 8 unidades de 120 g,pack de 8 unidades de 120 g,1.99,2.0729166666666665,danone,ladespensa
preparado lacteo crecimiento y desarrollo puleva max sin gluten sin lactosa brik 1 l,brik 1 l,1.79,1.79,puleva max,ladespensa
yogur desnatado liquido de fresa sin azucar anadido carrefour sin gluten 1 kg,1 kg,1.4,1.4,carrefour,ladespensa
galletas caramelizadas lotus biscoff 250 g,250 g,2.05,8.2,lotus,ladespensa
yemas de esparragos blancos medios classic carrefour 110 g,110 g,1.71,15.545454545454545,carrefour,ladespensa
postre lacteo al cacao proteina plus sensation carrefour sin gluten y sin azucar anadido 200 g,200 g,1.25,6.25,carrefour,ladespensa
cafe latte cappuccino kaiku sin gluten 370 ml,370 ml,2.69,7.27027027027027,kaiku,ladespensa
patatas fritas al punto de sal horno lays 150 g,150 g,2.09,13.933333333333334,lays,ladespensa
almendras crudas sin piel original carrefour 200 g,200 g,2.99,14.950000000000001,carrefour,ladespensa
yogur estilo griego con vainilla carrefour extra sin gluten pack de 6 unidades de 125 g,pack de 6 unidades de 125 g,1.93,2.5733333333333333,carrefour,ladespensa
aceitunas manzanilla sin hueso carrefour pack de 3 unidades de 75 g,pack de 3 unidades de 75 g,1.7,7.555555555555555,carrefour,ladespensa
queso fresco desnatado con fresa sin azucar anadido proteinas plus carrefour sensation sin gluten pack de 4 unidades e 100 g,pack de 4 unidades,1.25,0.3125,carrefour,ladespensa
pizza de atun carrefour 350 g,350 g,2.25,6.428571428571429,carrefour,ladespensa
pizza carbonara pizza  salsa campofrio 360 g,360 g,3.09,8.583333333333334,campofrio,ladespensa
reganas con sesamo y aceite de oliva virgen extra classic carrefour 250 g,250 g,0.99,3.96,carrefour,ladespensa
chocolate negro intenso 85 cacao selection carrefour sin gluten 100 g,100 g,1.95,19.5,carrefour seleccion,ladespensa
panecillos tostados integrales carrefour extra 300 g,300 g,1.13,3.7666666666666666,carrefour,ladespensa
postre lacteo al chocolate delicias de trufa nestle la lechera pack de 2 unidades de 125 g,pack de 2 unidades de 125 g,1.75,7.0,la lechera,ladespensa
leche entera central lechera asturiana botella 22 l,botella 22 l,2.65,0.12045454545454545,central lechera asturiana,ladespensa
garbanzos cocidos al natural classic carrefour 210 g,210 g,0.7,3.333333333333333,carrefour,ladespensa
leche semidesnatada kaiku sin lactosa brik 1 l,brik 1 l,1.39,1.39,kaiku,ladespensa
bifidus desnatado con muesli y cereales classic carrefour sin azucar anadido pack de 4 unidades de 125 g,pack de 4 unidades de 125 g,1.25,2.5,carrefour,ladespensa
flaminguitos con leche dulcesol 3 ud,3 ud,0.99,0.33,dulcesol,ladespensa
maiz dulce classic carrefour sin azucar anadido 285 g,285 g,1.12,3.9298245614035094,carrefour,ladespensa
picatostes fritos sabor clasico carrefour 75 g,75 g,0.6,8.0,carrefour,ladespensa
kefir liquido natural nestle 500 g,500 g,1.99,3.98,nestle,ladespensa
tomate frito con aceite de oliva virgen extra carrefour sin gluten pack de 3 briks de 215 g,pack de 3 briks de 215 g,1.43,2.2170542635658914,carrefour,ladespensa
yogur liquido de pina y coco carrefour classic sin gluten 1000 g,1000 g,1.4,1.4,carrefour,ladespensa
yogur estilo griego natural con azucar de cana carrefour 1 kg,1 kg,2.39,2.39,carrefour,ladespensa
varitas de merluza pescanova 450 g,450 g,3.85,8.555555555555555,pescanova,ladespensa
garbanzo pedrosillano classic carrefour 400 g,400 g,0.95,2.3749999999999996,carrefour,ladespensa
polvo gasificante para hornear  royal sin gluten pack de 6 sobres de 16 g,pack de 6 sobres de 16 g,2.69,0.4483333333333333,royal,ladespensa
bifidus desnatado con frutas del bosque carrefour sin gluten y sin azucar anadido pack de 4 unidades de 125 g,pack de 4 unidades de 125 g,1.19,2.38,carrefour,ladespensa
palomitas al punto de sal para microondas popitas sin gluten pack de 3 unidades de 100 g,pack de 3 unidades de 100 g,2.49,8.3,popitas,ladespensa
yogur sabor coco danone sin gluten pack de 4 unidades de 120 g,pack de 4 unidades de 120 g,0.99,2.0625,danone,ladespensa
tomate frito orlando sin gluten brik 350 g,brik 350 g,1.06,3.028571428571429,orlando,ladespensa
cocktail de picos carrefour el mercado 500 g,500 g,2.69,5.38,carrefour,ladespensa
pizza de peperoni ahumado carrefour 320 g,320 g,2.25,7.03125,carrefour,ladespensa
champinones laminados carrefour 230 g,230 g,1.28,5.565217391304348,carrefour,ladespensa
patatas fritas onduladas original ruffles sin gluten 150 g,150 g,1.99,13.266666666666667,ruffles,ladespensa
pan maxi burger bimbo 300 g,300 g,2.25,7.5,bimbo,ladespensa
chocolate negro 50 carrefour sin gluten 150 g,150 g,1.75,11.666666666666668,carrefour,ladespensa
leche desnatada lauki brik 1 l,brik 1 l,1.13,1.13,lauki,ladespensa
pan rallado de ajo y perejil classic carrefour 500 g,500 g,0.99,1.98,carrefour,ladespensa
galletas mini campurrianas cuetara 260 g ,260 g,1.19,4.576923076923077,cuetara,ladespensa
galletas relieve carrefour classic 735 g,735 g,1.74,2.36734693877551,carrefour,ladespensa
salsa bolonesa carrefour sin gluten tarro 300 g,300 g,1.23,4.1000000000000005,carrefour,ladespensa
aperitivo de maiz sabor queso sensation carrefour 100 g,100 g,0.74,7.3999999999999995,carrefour,ladespensa
atun claro en aceite de girasol carrefour classic pack de 3 latas de 52 g,pack de 3 latas de 52 g,2.35,15.064102564102564,carrefour,ladespensa
arroz largo vaporizado carrefour classic 1 kg,1 kg,1.65,1.65,carrefour,ladespensa
tomate triturado cidacos 400 g,400 g,1.39,3.4749999999999996,cidacos,ladespensa
quinoa blanca y roja classic carrefour sin gluten pack 2 unidades de 125 g,pack 2 unidades de 125 g,1.41,0.705,carrefour,ladespensa
cortezas de cerdo fritas classic carrefour sin gluten 75 g,75 g,1.05,14.000000000000002,carrefour,ladespensa
kefir de cabra ecologico carrefour bio 420 g,420 g,2.79,6.642857142857143,carrefour,ladespensa
cuajada natural azucarada carrefour original pack de 4 unidades de 125 g,pack de 4 unidades de 125 g,1.25,2.5,carrefour,ladespensa
yogur desnatado proteina stracciatella danone sin gluten sin azucar anadido pack de 4 unidades de 105 g ,pack de 4 unidades de 105 g,1.89,4.5,danone,ladespensa
baguettes de jamon y queso carrefour 250 g,250 g,1.99,7.96,carrefour,ladespensa
aderezo de limon exprimido carrefour 250 ml,250 ml,0.93,3.72,carrefour,ladespensa
tomate pelado troceado classic carrefour 390 g,390 g,0.76,1.9487179487179487,carrefour,ladespensa
noodles sabor pollo carrefour 85 g,85 g,0.81,9.529411764705882,carrefour,ladespensa
colines con aceite de olive virgen extra carrefour 250 g,250 g,0.8,3.2,carrefour,ladespensa
pasta espaguetis carrefour classic 500 g,500 g,0.8,1.6,carrefour,ladespensa
pizza barbacoa forno di pietra buitoni 330 g,330 g,3.65,11.06060606060606,buitoni,ladespensa
sticks sabor queso con ketchup cheetos 96 g,96 g,1.99,20.729166666666668,matutano,ladespensa
sobaos carrefour classic 480 g,480 g,1.99,4.145833333333333,carrefour,ladespensa
aceite refinado de girasol especial para freir carrefour 1 l,1 l,1.99,1.99,carrefour,ladespensa
aperitivo de patata sabor ketchup fantasmas sensation carrefour 100 g,100 g,1.07,10.7,carrefour,ladespensa
croquetas de jamon carrefour classic 500 g,500 g,1.4,2.8,carrefour,ladespensa
espirales vegetales carrefour 500 g,500 g,0.84,1.68,carrefour,ladespensa
patatas fritas corte fino lays gourmet 170 g,170 g,2.69,15.823529411764705,lays,ladespensa
cafe latte cappuccino nescafe sin gluten 205 ml,205 ml,1.43,6.975609756097561,nescafe latte,ladespensa
preparado lacteo con cereales crecimiento y desarrollo puleva max brik 1 l,brik 1 l,1.89,1.89,puleva max,ladespensa
biscottes integrales classic carrefour 540 g,540 g,1.76,3.259259259259259,carrefour,ladespensa
leche desnatada ultrafiltrada central lechera asturiana sin lactosa brik 1 l,brik 1 l,1.58,1.58,central lechera asturiana,ladespensa
lentejas cocidas categoria extra classic carrefour sin sal anadida 400 g,400 g,0.8,2.0,carrefour,ladespensa
mayonesa ligeresa sin gluten y sin lactosa tarro 210 ml,210 ml,1.81,8.61904761904762,ligeresa,ladespensa
galletas saladas carrefour classic 350 g,350 g,1.2,3.428571428571429,carrefour,ladespensa
filetes de melva en aceite de oliva extra carrefour 80 g,80 g,1.85,23.125,carrefour,ladespensa
aceite de girasol coosol 1 l,1 l,2.09,2.09,coosur,ladespensa
cacahuetes fritos classic carrefour sin sal anadida 200 g,200 g,1.15,5.749999999999999,carrefour,ladespensa
pizza pepperoni con salsa diavolo picante pizza  salsa campofrio 345 g ,345 g,3.09,8.956521739130435,campofrio,ladespensa
pipas gigantes aguasal classic carrefour sin gluten 400 g,400 g,2.25,5.625,carrefour,ladespensa
nata para montar 35 materia grasa classic carrefour 500 ml,500 ml,1.95,3.9,carrefour,ladespensa
yogur sabor fresa y platano carrefour classic pack de 8 unidades de 125 g,pack de 8 unidades de 125 g,1.47,1.47,carrefour,ladespensa
pasta espaguetis garofalo 500 g,500 g,1.84,3.68,garofalo,ladespensa
masa hojaldre rectangular buitoni 230 g,230 g,2.09,9.086956521739129,buitoni,ladespensa
galletas rellenas de crema de chocolate mini principe 160 g,160 g,1.95,12.1875,principe,ladespensa
caldo de carne classic carrefour sin gluten brik 1 l,brik 1 l,0.8,0.8,carrefour,ladespensa
cafe espresso intenso en capsulas nescafe dolce gusto 30 ud ,30 ud,9.09,0.303,nescafe dolce gusto,ladespensa
salsa pesto alla genovese barilla tarro 190 g,190 g,2.99,15.73684210526316,barilla,ladespensa
flan de clara de huevo proteina plus carrefour sin gluten pack de 2 unidades de 160 g,pack de 2 unidades de 160 g,1.6,5.0,carrefour,ladespensa
leche fermentada liquida natural danone actimel sin gluten pack de 6 unidades de 100 g,pack de 6 unidades de 100 g,3.99,6.65,actimel,ladespensa
aperitivo de patata sabor crema agria y cebolla dipster carrefour 175 g,175 g,1.94,11.085714285714285,carrefour,ladespensa
fabada asturiana carrefour sin gluten 440 g,440 g,1.58,3.5909090909090913,carrefour,ladespensa
pizza de jamon y queso casa tarradellas pack de 2 unidades de 220 g,pack de 2 unidades de 220 g,3.29,7.4772727272727275,casa tarradellas,ladespensa
bebida de soja sin azucar anadido ecologica carrefour bio sin gluten brik 1 l,brik 1 l,1.21,1.21,carrefour bio,ladespensa
bombones de chocolate y avellana ferrero rocher estuche 16 ud,16 ud,6.25,0.390625,rocher,ladespensa
lentejas a la riojana litoral sin gluten 425 g,425 g,2.35,5.529411764705883,litoral,ladespensa
batido de cacao cacaolat sin gluten botella 1 l,botella 1 l,2.55,2.55,cacaolat,ladespensa
gazpacho fresco garcia millan 1 l,1 l,3.85,3.85,garcia millan,ladespensa
arroz redondo integral para microondas classic carrefour sin gluten pack de 2 unidades de 125 g,pack de 2 unidades de 125 g,1.1,4.4,carrefour,ladespensa
oregano carrefour classic 11 g,11 g,0.46,41.81818181818182,carrefour,ladespensa
pan de molde rebanada estilo artesano brioche sabor a mantequilla bimbo 500 g,500 g,2.89,5.78,bimbo,ladespensa
pasta elicoidale garofalo 500 g,500 g,1.84,3.68,garofalo,ladespensa
nata para cocinar central lechera asturiana 500 ml,500 ml,2.89,5.78,central lechera asturiana,ladespensa
yogur liquido de fresa carrefour classic pack de 12 unidades de 100 g,pack de 12 unidades de 100 g,1.99,1.6583333333333334,carrefour,ladespensa
pizza speciale ristorante dr oetker 345 g,345 g,3.75,10.869565217391305,ristorante,ladespensa
tortitas de maiz carrefour pack de 4 unidades de 33 g ,pack de 4 unidades de 33 g,1.21,9.166666666666666,carrefour,ladespensa
patatas fritas churreria en aceite de girasol carrefour pack de 2 bolsas de 150 g,pack de 2 bolsas de 150 g,1.9,12.666666666666666,carrefour,ladespensa
tomate triturado classic carrefour lata de 390 g,lata de 390 g,0.64,1.641025641025641,carrefour,ladespensa
mayonesa con aceite de girasol carrefour tarro 450 ml,450 ml,1.08,2.4,carrefour,ladespensa
leche entera fresca carrefour botella 1 l,botella 1 l,1.15,1.15,carrefour,ladespensa
leche desnatada 0 mg pascual brik 1 l,brik 1 l,1.29,1.29,pascual,ladespensa
bebida de avena yosoy sin gluten brik 1 l,brik 1 l,1.71,1.71,yosoy,ladespensa
yogur natural carrefour pack de 8 unidades de 125 g,pack de 8 unidades de 125 g,1.33,1.33,carrefour,ladespensa
patatas fritas original gourmet lays sin gluten 170 g,170 g,2.69,15.823529411764705,lays,ladespensa
pan de molde sin corteza carrefour classic 450 g,450 g,1.13,2.5111111111111106,carrefour,ladespensa
leche semidesnatada fresca carrefour botella 1 l,botella 1 l,1.09,1.09,carrefour,ladespensa
leche entera carrefour botella 15 l,botella 15 l,1.54,0.10266666666666667,carrefour,ladespensa
leche desnatada con calcio carrefour brik 1 l,brik 1 l,1.02,1.02,carrefour,ladespensa
galletas maria dorada carrefour classic 800 g,800 g,1.4,1.7499999999999998,carrefour,ladespensa
cafe latte macchiato caramelo carrefour sensation sin gluten 250 ml,250 ml,0.85,3.4,carrefour,ladespensa
pizza prosciutto ristorante dr oetker 340 g,340 g,3.75,11.029411764705882,ristorante,ladespensa
caldo de pollo classic carrefour sin gluten brik 1 l,brik 1 l,0.8,0.8,carrefour,ladespensa
harina de trigo classic carrefour 1 kg,1 kg,0.72,0.72,carrefour,ladespensa
fabada asturiana litoral sin gluten 420 g,420 g,2.55,6.071428571428571,litoral,ladespensa
hot dog classic carrefour 330 g,330 g,0.9,2.727272727272727,carrefour,ladespensa
yogur griego natural carrefour extra 1 kg,1 kg,2.29,2.29,carrefour,ladespensa
copos de avena integral original carrefour 500 g,500 g,0.87,1.74,carrefour,ladespensa
nata liquida para cocinar carrefour pack de 3 unidades de 200 ml,pack de 3 unidades de 200 ml,1.85,3.0833333333333335,carrefour,ladespensa
leche desnatada brik 1 l,brik 1 l,0.82,0.82,simpl,ladespensa
pandilla sabor queso cheetos 75 g,75 g,1.83,24.400000000000002,cheetos,ladespensa
masa para empanada carrefour 280 g,280 g,1.49,5.321428571428571,carrefour,ladespensa
palomitas saladas para microondas carrefour pack de 3 unidades de 100 g,pack de 3 unidades de 100 g,1.11,3.7000000000000006,carrefour,ladespensa
bebida de avena oatly barista brik 1 l,brik 1 l,2.65,2.65,oatly,ladespensa
galletas rellenas de crema con chocolate blanco carrefour classic 252 g,252 g,2.09,8.293650793650793,carrefour,ladespensa
aperitivo de maiz sabor barbacoa gublins grefusa sin gluten 135 g,135 g,1.88,13.925925925925924,grefusa,ladespensa
picos de pan con aceite de oliva classic carrefour sin gluten y sin lactosa 100 g,100 g,1.42,14.2,carrefour,ladespensa
fingers de queso mozzarella carrefour 400 g,400 g,3.19,7.975,carrefour,ladespensa
preparado lacteo omega 3 puleva sin gluten sin lactosa brik 1 l,brik 1 l,1.93,1.93,puleva,ladespensa
bebida lactea omega 3 carrefour brik 1 l,brik 1 l,1.17,1.17,carrefour,ladespensa
tomate frito hida sin gluten lata 340 g,lata 340 g,1.36,4.0,hida,ladespensa
lcasei liquido sabor fresa carrefour classic pack de 12 unidades de 100 g,pack de 12 unidades de 100 g,2.25,1.875,carrefour,ladespensa
relleno para fajitas de pimientos pollo y cebolla carrefour 300 g,300 g,2.05,6.833333333333333,carrefour,ladespensa
huevo de chocolate con sorpresa kinder joy 3 ud,3 ud,4.19,1.3966666666666667,kinder,ladespensa
huevos de gallinas criadas en suelo carrefour el mercado 12 ud,12 ud,3.2,0.26666666666666666,carrefour,ladespensa
muesli crujiente carrefour sensation sin azucar anadido 500 g,500 g,1.99,3.98,carrefour,ladespensa
bifidus con trozos de frutos rojos carrefour pack de 4 unidades de 125 g,pack de 4 unidades de 125 g,1.29,2.58,carrefour,ladespensa
alubia cocida categoria extra classic carrefour sin sal anadida 400 g,400 g,0.8,2.0,carrefour,ladespensa
pasta tallarines carrefour classic 500 g,500 g,0.8,1.6,carrefour,ladespensa
pizza barbacoa ristorante dr oetker 340 g,340 g,3.75,11.029411764705882,ristorante,ladespensa
galletas banadas con chocolate blanco filipinos artiach 128 g,128 g,1.95,15.234375,filipinos,ladespensa
tortillas de trigo para fajitas mexifoods 8 ud,8 ud,1.8,0.225,mexifoods,ladespensa
cafe latte cookies nescafe sin gluten 205 ml,205 ml,1.43,6.975609756097561,nescafe latte,ladespensa
ensalada de cangrejo con pina carrefour 200 g,200 g,1.44,7.199999999999999,carrefour,ladespensa
leche fermentada de proteinas liquida desnatada sabor fresa y frambuesa danone yopro sin lactosa 300 g,300 g,2.35,7.833333333333334,yopro,ladespensa
pizza de atun ristorante dr oetker 355 g,355 g,3.75,10.563380281690142,ristorante,ladespensa
galletas rellenas de crema de chocolate principe 300 g,300 g,2.25,7.5,principe,ladespensa
leche fermentada liquida natural danone danacol sin gluten y sin azucar anadido pack de 6 unidades de 100 g,pack de 6 unidades de 100 g,4.49,7.483333333333334,danacol,ladespensa
sardinillas en aceite de oliva classic carrefour pack de 2 unidades de 65 g,pack de 2 unidades de 65 g,1.99,15.307692307692307,carrefour,ladespensa
maiz dulce bonduelle pack de 3 unidades de 140 g,pack de 3 unidades de 140 g,3.35,7.976190476190476,bonduelle,ladespensa
cereales rellenos de leche carrefour sensation sin gluten 500 g ,500 g,2.39,4.78,carrefour,ladespensa
alubia cocida categoria extra luengo 400 g,400 g,1.31,3.275,luengo,ladespensa
chocolate con leche nestle extrafino sin gluten 150 g,150 g,2.35,15.666666666666668,nestle,ladespensa
gazpacho fresco garcia millan sin gluten 330 ml,330 ml,1.64,4.969696969696969,garcia millan,ladespensa
chocolate extrafino con leche y cereales crujientes 100 g,100 g,1.21,12.1,simpl,ladespensa
lcasei liquido sabor fresa platano y pina coco carrefour classic pack de 12 unidades de 100 g,pack de 12 unidades de 100 g,2.25,1.875,carrefour,ladespensa
caldo de pescado classic carrefour sin gluten 1 l,1 l,0.99,0.99,carrefour,ladespensa
aperitivo de maiz risketos risi sin gluten 120 g,120 g,1.59,13.250000000000002,risi,ladespensa
croquetas de pollo carrefour extra 500 g,500 g,1.52,3.04,carrefour,ladespensa
bebida de avena sin azucar anadido alpro sin lactosa brik 1 l,brik 1 l,2.15,2.15,alpro,ladespensa
cortezas de trigo bocabits matutano 75 g,75 g,1.72,22.933333333333334,matutano,ladespensa
biscottes classic carrefour 540 g,540 g,1.67,3.092592592592592,carrefour,ladespensa
preparado de soja de arandanos alpro sin gluten sin lactosa 400 g,400 g,2.29,5.725,alpro,ladespensa
natillas de chocolate altas en proteinas danone sin gluten pack de 4 unidades de 120 g,pack de 4 unidades de 120 g,1.99,4.145833333333333,danone,ladespensa
pan de molde 100 integral de trigo sin corteza carrefour classic sin lactosa y sin azucar anadido 450 g,450 g,1.23,2.7333333333333334,carrefour,ladespensa
cafe en grano natural carrefour classic 500 g,500 g,5.75,11.5,carrefour,ladespensa
pizza carbonara carrefour classic 400 g,400 g,2.39,5.975,carrefour,ladespensa
galletas dinosaurus artiach 185 g,185 g,1.88,10.162162162162161,artiach,ladespensa
mousse de chocolete con leche carrefour classic pack de 4 unidades de 60 g,pack de 4 unidades de 60 g,1.15,4.791666666666666,carrefour,ladespensa
mayonesa ybarra sin gluten y sin lactosa envase 400 ml,400 ml,1.88,4.699999999999999,ybarra,ladespensa
pan hot dog bimbo 4 ud,4 ud,1.95,0.4875,bimbo,ladespensa
sardinillas en aceite de oliva calvo 60 g,60 g,2.25,37.5,calvo,ladespensa
galletas con canela carrefour original 470 g,470 g,1.41,3.0,carrefour,ladespensa
horchata de chufa original chufi sin gluten y sin lactosa botella 1 l,botella 1 l,1.99,1.99,chufi,ladespensa
pizza de pollo y bacon casa tarradellas 410 g,410 g,3.29,8.02439024390244,casa tarradellas,ladespensa
tagliatelle al huevo carrefour extra 250 g,250 g,1.2,4.8,carrefour,ladespensa
masa para pizza rectangular buitoni 260 g,260 g,2.15,8.269230769230768,buitoni,ladespensa
pan burger con semillas de sesamo classic carrefour 4 ud,4 ud,0.99,0.2475,carrefour,ladespensa
pizza regina carrefour 365 g,365 g,2.25,6.164383561643835,carrefour,ladespensa
kefir liquido natural nestle sin gluten pack de 6 unidades de 100 g,pack de 6 unidades de 100 g,2.79,4.65,nestle,ladespensa
pan de molde integral 12 seleccion cereales y semillas oroweat 590 g,590 g,3.25,5.508474576271187,oroweat,ladespensa
mini pizzas de jamon y queso carrefour 270 g,270 g,2.65,9.814814814814813,carrefour,ladespensa
bifidus desnatado cremoso sabor frutos silvestres danone activia sin azucar anadido pack de 4 unidades de 115 g,pack de 4 unidades de 115 g,2.69,5.8478260869565215,activia,ladespensa
bifidus natural azucarado danone activia pack de 8 unidades de 120 g,pack de 8 unidades de 120 g,3.89,4.052083333333334,activia,ladespensa
biscottes mini normales carrefour 120 g,120 g,0.76,6.333333333333334,carrefour,ladespensa
galletas horneadas carrefour original 500 g,500 g,1.73,3.46,carrefour,ladespensa
leche semidesnatada fresca puleva botella 1 l,botella 1 l,1.99,1.99,puleva,ladespensa
palomitas de colores frit ravich sin gluten 130 g,130 g,1.59,12.230769230769232,frit ravich,ladespensa
bebida de soja ligera alpro sin gluten y sin lactosa brik 1 l,brik 1 l,2.15,2.15,alpro,ladespensa
tomate frito sin azucares anadidos contenido reducido en sal carrefour tarro 550 g,550 g,1.08,1.9636363636363636,carrefour,ladespensa
pizza de pepperoni casa tarradellas 405 g,405 g,3.29,8.123456790123456,casa tarradellas,ladespensa
pizza de pollo carrefour classic 400 g,400 g,2.69,6.725,carrefour,ladespensa
mini bombon helado clasico almendras y chocolate blanco magnum sin gluten 6 ud,6 ud,5.55,0.9249999999999999,magnum,ladespensa
galletas chocolate blanco rellenas de crema trio carrefour classic 2358 g,2358 g,1.6,0.6785411365564037,carrefour,ladespensa
ravioli de ricotta y espinacas al huevo carrefour 250 g,250 g,1.9,7.6,carrefour,ladespensa
tortitas de maiz sentation carrefour 130 g,130 g,1.4,10.769230769230768,carrefour,ladespensa
palomitas sabor mantequilla carrefour kids sin gluten 80 g,80 g,0.8,10.0,carrefour kids,ladespensa
moras de goma carrefour classic sin gluten 200 g,200 g,1.1,5.5,carrefour,ladespensa
arroz redondo brillante sabroz 1 kg,1 kg,2.79,2.79,sabroz,ladespensa
mostaza orlando sin gluten envase 290 g,290 g,1.58,5.448275862068966,orlando,ladespensa
bombon helado de vainilla con almendras magnum sin gluten 3 ud,3 ud,5.05,1.6833333333333333,magnum,ladespensa
batido de cacao energy cola cao pack de 9 botellas de 188 ml,pack de 9 botellas de 188 ml,5.89,3.4810874704491725,cola cao,ladespensa
pipas tijuana grefusa 175 g,175 g,2.19,12.514285714285714,grefusa,ladespensa
bebida de soja original vivesoy 1 l,1 l,2.09,2.09,vivesoy,ladespensa
horchata de chufa carrefour sin gluten brik 1 l,brik 1 l,1.35,1.35,carrefour,ladespensa
cocktail de aperitivo sensation carrefour 90 g,90 g,0.9,10.0,carrefour,ladespensa
galletas de barquillo rellena sabor chocolate carrefour 210 g,210 g,1.35,6.428571428571429,carrefour,ladespensa
yogur azucarado natural danone sin gluten pack de 8 unidades de 120 g,pack de 8 unidades de 120 g,1.95,2.03125,danone,ladespensa
almendras tostada y salada con piel carrefour 200 g,200 g,2.95,14.75,carrefour,ladespensa
nata liquida para montar carrefour pack de 3 unidades de 200 ml,pack de 3 unidades de 200 ml,2.25,3.75,carrefour,ladespensa
gelatina de sabores carrefour sin gluten pack de 6 unidades de 100 g,pack de 6 unidades de 100 g,0.99,1.6500000000000001,carrefour,ladespensa
champinon en trozos classic carrefour 230 g,230 g,1.23,5.3478260869565215,carrefour,ladespensa
pepinillos sabor anchoa sensation carrefour 180 g,180 g,1.33,7.388888888888889,carrefour,ladespensa
kefir sabor mango carrefour sensation 500 g,500 g,1.68,3.36,carrefour,ladespensa
pizza prosciutto ristorante dr oetker sin gluten sin lactosa 345 g,345 g,3.75,10.869565217391305,ristorante,ladespensa
pure de patatas carrefour 500 g,500 g,1.99,3.98,carrefour,ladespensa
yogur griego bicapa de fresa carrefour extra pack de 4 unidades de 125 g,pack de 4 unidades de 125 g,1.7,3.4,carrefour,ladespensa
barritas de chocolate con leche y crema de avellanas kinder bueno pack de 5 unidades de 43 g,pack de 5 unidades de 43 g,5.05,23.488372093023255,kinder,ladespensa
pimientos del piquillo en tiras al ajillo classic carrefour 225 g,225 g,1.17,5.199999999999999,carrefour,ladespensa
mini redondos de chocolate carrefour 160 g,160 g,1.79,11.1875,carrefour,ladespensa
barrita de barquillo cubierta de chocolate huesitos valor 12 ud,12 ud,3.35,0.2791666666666667,huesitos,ladespensa
harina de maiz randimpak 1 kg,1 kg,2.59,2.59,pan,ladespensa
salsa de tomate de la abuela carrefour tarro 300 g,300 g,1.5,5.0,carrefour,ladespensa
yogur sabor coco carrefour classic pack de 4 unidades de 125 g,pack de 4 unidades de 125 g,0.75,1.5,carrefour,ladespensa
cocktail de frutos secos al natural carrefour original doy pack 180 g,180 g,2.85,15.833333333333334,carrefour,ladespensa
margarina original flora sin gluten sin lactosa y sin aceite de palma 400 g,400 g,3.15,7.874999999999999,flora,ladespensa
aceite de oliva virgen serie oro coosur 5 l,5 l,25.4,5.08,coosur,ladespensa
flan de huevo al bano maria dhul sin gluten pack de 4 unidades de 110 g,pack de 4 unidades de 110 g,2.95,6.704545454545455,dhul,ladespensa
tortitas de arroz integrales con chocolate carrefour 130 g,130 g,1.95,15.0,carrefour,ladespensa
batido de cacao carrefour sin gluten botella 1 l,botella 1 l,1.3,1.3,carrefour,ladespensa
croquetas de cocido carrefour extra 350 g,350 g,1.99,5.685714285714286,carrefour,ladespensa
chicles sabor hierbabuena orbit sin azucar 64 ,1 paquete,3.69,3.69,orbit,ladespensa
snack fuego takis 130 g,130 g,2.19,16.846153846153847,takis,ladespensa
yogur natural azucarado carrefour classic pack de 8 unidades de 125 g,pack de 8 unidades de 125 g,1.33,1.33,carrefour,ladespensa
manzanilla en bolsitas carrefour classic 50 ud,50 ud,1.4,0.027999999999999997,carrefour,ladespensa
tortillas de trigo integral carrefour sensation sin aceite de palma 10 ud,10 ud,1.72,0.172,carrefour,ladespensa
pasta espirales carrefour classic 500 g,500 g,0.8,1.6,carrefour,ladespensa
regaliz de goma torcidas fini 170 g,170 g,1.12,6.588235294117648,fini,ladespensa
galletas tostada carrefour classic 180 g,180 g,1.54,8.555555555555555,carrefour,ladespensa
cafe capsulas con leche nescafe dolce gusto 30 ud,30 ud,9.09,0.303,nescafe dolce gusto,ladespensa
anacardos fritos y salados classic carrefour 200 g,200 g,2.69,13.45,carrefour,ladespensa
tequeno de queso goya 420 g,420 g,4.65,11.071428571428573,goya,ladespensa
caramelos de goma surtidos carrefour classic sin gluten 200 g,200 g,1.07,5.35,carrefour,ladespensa
bebida lactea semidesnatada fibra central lechera asturiana sin gluten brik 1 l,brik 1 l,1.7,1.7,central lechera asturiana,ladespensa
bagels semillas new york bakery bimbo 4 ud,4 ud,2.69,0.6725,new york bakery,ladespensa
nata para montar central lechera asturiana 500 ml,500 ml,2.89,5.78,central lechera asturiana,ladespensa
pan de molde carrefour classic sin gluten 350 g,350 g,1.92,5.485714285714286,carrefour,ladespensa
aceitunas verdes rellenas de anchoa carrefour 150 g,150 g,1.28,8.533333333333333,carrefour,ladespensa
helado cookie dough ben  jerrys 465 ml,465 ml,6.99,15.032258064516128,benjerrys,ladespensa
pan de molde sin corteza natural 100 bimbo sin lactosa 450 g,450 g,2.95,6.555555555555555,bimbo,ladespensa
azucar moreno de cana in integral classic carrefour 1 kg,1 kg,1.99,1.99,carrefour,ladespensa
alubias rojas cocidas classic carrefour 400 g,400 g,1.25,3.125,carrefour,ladespensa
cuajada danone sin gluten pack de 2 unidades de 135 g,pack de 2 unidades de 135 g,1.6,5.925925925925926,danone,ladespensa
yogur sabor galleta danone pack de 4 unidades de 120 g,pack de 4 unidades de 120 g,0.99,2.0625,danone,ladespensa
maiz dulce sin sal classic carrefour sin azucar anadido pack de 3 latas de 140 g,pack de 3 latas de 140 g,2.49,5.92857142857143,carrefour,ladespensa
margarina con sal carrefour 500 g,500 g,1.5,3.0,carrefour,ladespensa
crema de cacahuete 100 sensation carrefour sin gluten 500 g,500 g,2.85,5.7,carrefour,ladespensa
pantera rosa bimbo 3 ud,3 ud,2.45,0.8166666666666668,bimbo,ladespensa
bebida de almendras alpro sin gluten y sin lactosa brik 1 l,brik 1 l,2.19,2.19,alpro,ladespensa
patatas fritas sabor chili y lima classic carrefour 130 g,130 g,0.99,7.615384615384615,carrefour,ladespensa
pimiento del piquillo entero asados con ajo classic carrefour 225 g,225 g,1.19,5.288888888888889,carrefour,ladespensa
pasta fideo gallo 400 g,400 g,0.99,2.4749999999999996,gallo,ladespensa
leche fermentada de fresa sin azucar anadido danone danacol sin gluten pack de 6 unidades de 100 g,pack de 6 unidades de 100 g,4.49,7.483333333333334,danacol,ladespensa
bagels clasico bimbo 4 ud,4 ud,2.55,0.6375,new york bakery,ladespensa
pistacho tostado carrefour bolsa de 500 g,500 g,5.75,11.5,carrefour,ladespensa
leche desnatada kaiku sin lactosa brik 1 l,brik 1 l,1.35,1.35,kaiku,ladespensa
caldo de pollo calnort sin gluten 12 pastillas,12 pastillas,0.48,0.04,calnort,ladespensa
bocaditos carrefour 370 g,370 g,2.19,5.918918918918918,carrefour,ladespensa
leche entera puleva sin lactosa botella 1 l,botella 1 l,1.49,1.49,puleva,ladespensa
clara de huevo pasteurizada carrefour classic 1 l,1 l,2.85,2.85,carrefour,ladespensa
salmorejo carrefour classic 1 l,1 l,2.19,2.19,carrefour,ladespensa
ladrillos de goma sabor fresa y pica pica carrefour classic sin gluten 200 g,200 g,1.34,6.7,carrefour,ladespensa
crema de cacao con avellanas nutella 1 kg,1 kg,8.49,8.49,nutella,ladespensa
mini empanadillas de atun carrefour 400 g,400 g,1.62,4.05,carrefour,ladespensa
yogur natural carrefour classic pack de 4 unidades de 125 g,pack de 4 unidades de 125 g,0.81,1.62,carrefour,ladespensa
arroz integral para microondas brillante pack de 2 unidades de 125 g,pack de 2 unidades de 125 g,1.25,5.0,brillante,ladespensa
pasta macarron rigatoni garofalo 500 g,500 g,1.84,3.68,garofalo,ladespensa
natilla de chocolate alta en proteinas valio profeel protein  sin lactosa 180 g,180 g,1.79,9.944444444444445,valio protein,ladespensa
natillas de galleta carrefour pack de 4 unidades de 125 g,pack de 4 unidades de 125 g,1.05,2.1,carrefour,ladespensa
leche semidesnatada pascual botella 15 l,botella 15 l,1.93,0.12866666666666665,pascual,ladespensa
tiras de maiz bbq orginal fritos sin gluten 146 g,146 g,1.72,11.78082191780822,cheetos,ladespensa
yogur sabor limon galleta fresa y macedonia danone sin gluten pack de 8 unidades de 120 g,pack de 8 unidades de 120 g,1.99,2.0729166666666665,danone,ladespensa
barrita de galleta crujiente cubierta de chocolate pack 5 unidades de 415 g,pack 5 unidades de 415 g,3.65,0.73,kit kat,ladespensa
galletas maria carrefour classic 800 g,800 g,1.4,1.7499999999999998,carrefour,ladespensa
ketchup light carrefour envase 540 g,540 g,1.52,2.814814814814815,carrefour,ladespensa
pan de molde con cereales y semillas carrefour classic sin gluten 350 g,350 g,2.05,5.857142857142857,carrefour,ladespensa
yogur sabor fresa carrefour classic pack de 4 unidades de 125 g,pack de 4 unidades de 125 g,0.75,1.5,carrefour,ladespensa
patatas paja con aceite de girasol clasic carrefour 200 g,200 g,1.5,7.5,carrefour,ladespensa
cafe molido natural intenso carrefour classic 250 g,250 g,2.75,11.0,carrefour,ladespensa
copos de cereales chocolateados  carrefour kids 500 g,500 g,1.99,3.98,carrefour kids,ladespensa
kefir natural danone activia 345 g,345 g,1.99,5.768115942028986,activia,ladespensa
yogur desnatado proteina con fresa danone sin gluten y sin azucar anadido pack 4 unidades de 105 g,pack 4 unidades de 105 g,1.89,0.4725,danone,ladespensa
galletas de chocolate rellenas de crema oreo 440 g,440 g,4.55,10.34090909090909,oreo,ladespensa
pasta radiatori garofalo 500 g,500 g,1.84,3.68,garofalo,ladespensa
chocolate blanco nestle milkybar 100 g,100 g,2.19,21.9,milkybar,ladespensa
sazonador para fajitas suave old el paso 35 g,35 g,1.47,41.99999999999999,old el paso,ladespensa
rollitos primavera carrefour 225 g,225 g,1.16,5.155555555555555,carrefour,ladespensa
barritas de chocolate con relleno de crema de leche kinder chocolate 100 g,100 g,2.05,20.499999999999996,kinder,ladespensa
gazpacho original con aceite de oliva virgen extra alvalle 1 l,1 l,3.99,3.99,alvalle,ladespensa
ciruelas sin hueso carrefour 200 g,200 g,1.71,8.549999999999999,carrefour,ladespensa
cereales de maiz sin azucar anadido corn flakes carrefour 500 g,500 g,1.5,3.0,carrefour,ladespensa
bebida de soja plus ligera sin azucar vivesoy 1 l,1 l,2.19,2.19,vivesoy,ladespensa
surtido de picos y reganas con aceite de oliva virgen extra classic carrefour 450 g,450 g,1.93,4.288888888888889,carrefour,ladespensa
pasta penne ziti rigate garofalo 500 g,500 g,1.84,3.68,garofalo,ladespensa
galletas doradas al horno zero gullon sin azucar 330 g,330 g,3.25,9.848484848484848,gullon,ladespensa
pan de molde integral rebanada estilo artesano con espelta y toque de miel bimbo 500 g,500 g,3.09,6.18,bimbo,ladespensa
galletas digestive zero gullon sin azucar 300 g,300 g,2.19,7.3,gullon,ladespensa
leche condensada nestle la lechera 450 g,450 g,3.89,8.644444444444444,la lechera,ladespensa
huevo de chocolate con sorpresa minions kinder sorpresa sin gluten 3 ud,3 ud,3.99,1.33,kinder,ladespensa
arroz con leche danone pack de 2 unidades de 130 g,pack de 2 unidades de 130 g,2.15,8.269230769230768,danone,ladespensa
mantequilla facil de untar ligeramente salada lurpak 200 g,200 g,4.79,23.95,lurpak,ladespensa
sandwich de vainilla y chocolate classic carrefour 6 ud,6 ud,2.09,0.34833333333333333,carrefour,ladespensa
sandwich de nata maxibon classic nestle 4 ud,4 ud,6.49,1.6225,maxibon,ladespensa
leche desnatada central lechera asturiana brik 1 l,brik 1 l,1.19,1.19,central lechera asturiana,ladespensa
ketchup orlando sin gluten envase 300 g,300 g,1.61,5.366666666666667,orlando,ladespensa
fingers recetas crujientes la cocinera 320 g,320 g,5.55,17.34375,la cocinera,ladespensa
bifidus cremoso stracciatella danone activia pack de 4 unidades de 115 g,pack de 4 unidades de 115 g,2.69,5.8478260869565215,activia,ladespensa
margarina con sal tulipan sin gluten y sin lactosa 400 g,400 g,2.59,6.475,tulipan,ladespensa
picatostes fritos sabor a ajo carrefour 75 g,75 g,0.6,8.0,carrefour,ladespensa
yogur griego azucarado natural danone oikos sin gluten pack de 4 unidades de 110 g,pack de 4 unidades de 110 g,2.79,6.340909090909091,oikos,ladespensa
esparragos blancos extra 812 carretilla 205 g,205 g,3.49,17.02439024390244,carretilla,ladespensa
galletas rellenas de crema de chocolate principe pack de 3 unidades de 300 g,pack de 3 unidades de 300 g,5.39,5.988888888888888,principe,ladespensa
pizza fresca bianca 4 quesos de lenta fermentacion casa tarradellas 400 g,400 g,4.25,10.625,casa tarradellas,ladespensa
edulcorante liquido carrefour 300 ml,300 ml,1.68,5.6,carrefour,ladespensa
pizza 4 quesos forno di pietra buitoni 350 g,350 g,3.65,10.428571428571429,buitoni,ladespensa
leche condensada carrefour 450 g,450 g,2.65,5.888888888888888,carrefour,ladespensa
berlina glace donuts 6 ud,6 ud,4.45,0.7416666666666667,donuts,ladespensa
aceite de oliva virgen extra dcoop 5 l,5 l,33.9,6.779999999999999,dcoop,ladespensa
leche fermentada liquida de lima limon sin azucar anadido danone danacol sin gluten pack de 6 unidades de 100 g,pack de 6 unidades de 100 g,4.49,7.483333333333334,danacol,ladespensa
pipas de calabaza tostadas y saladas carrefour 125 g,125 g,1.55,12.4,carrefour,ladespensa
bebida lactea con cafe sabor baileys nescafe latte sin gluten 205 ml,205 ml,1.74,8.487804878048781,nescafe latte,ladespensa
margarina original tulipan sin gluten y sin lactosa 400 g,400 g,2.59,6.475,tulipan,ladespensa
aceite de oliva sabor 1 carbonell 1 l,1 l,6.19,6.19,carbonell,ladespensa
yogur griego stracciatella danone oikos pack de 4 unidades de 110 g,pack de 4 unidades de 110 g,2.79,6.340909090909091,oikos,ladespensa
pizza hawai carrefour 350 g,350 g,2.25,6.428571428571429,carrefour,ladespensa
regana el antequerano 150 g,150 g,1.99,13.266666666666667,Desconocida,ladespensa
aceite de oliva 04 la masia 1 l,1 l,5.19,5.19,la masia,ladespensa
judias verdes finas cortadas classic carrefour 360 g,360 g,1.2,3.3333333333333335,carrefour,ladespensa
mayonesa ybarra sin gluten y sin lactosa tarro 450 ml,450 ml,2.39,5.311111111111111,ybarra,ladespensa
pimiento del piquillo entero al ajillo classic carrefour 225 g,225 g,1.19,5.288888888888889,carrefour,ladespensa
yogur sabor macedonia carrefour classic pack de 4 unidades de 125 g,pack de 4 unidades de 125 g,0.75,1.5,carrefour,ladespensa
pan de molde con cereales y semillas carrefour 675 g,675 g,1.59,2.3555555555555556,carrefour,ladespensa
leche entera pascual botella 15 l,botella 15 l,2.05,0.13666666666666666,pascual,ladespensa
chocolate negro peru 85 cacao ecologico carrefour bio 100 g,100 g,2.65,26.499999999999996,carrefour bio,ladespensa
masa para empanadillas y postres buitoni 160 g,160 g,1.15,7.187499999999999,buitoni,ladespensa
filetes de anchoa en aceite de girasol classic carrefour pack 3 unidades de 29 g,pack 3 unidades de 29 g,2.05,0.6833333333333332,carrefour,ladespensa
miel de flores carrefour classic 500 g,500 g,3.05,6.1,carrefour,ladespensa
colines saladitos carrefour 250 g,250 g,1.13,4.52,carrefour,ladespensa
patatas enteras classic carrefour sin sal anadida 400 g,400 g,1.9,4.749999999999999,carrefour,ladespensa
pizza de atun y bacon casa tarradellas 405 g,405 g,3.29,8.123456790123456,casa tarradellas,ladespensa
yogur sabor limon nestle la lechera pack de 2 unidades de 125 g,pack de 2 unidades de 125 g,1.43,5.72,la lechera,ladespensa
pizza de pollo carrefour 335 g,335 g,2.25,6.716417910447761,carrefour,ladespensa
tortillas de trigo y maiz carrefour sensation sin aceite de palma 10 ud,10 ud,2.09,0.209,carrefour,ladespensa
leche fermentada natural carrefour no lactosa sin lactosa pack de 4 unidades de 125 g,pack de 4 unidades de 125 g,1.42,2.84,carrefour,ladespensa
yogur griego con fresa danone pack de 4 unidades de 110 g,pack de 4 unidades de 110 g,1.59,3.6136363636363638,danone,ladespensa
sandwich de pollo al curry bon appetit carrefour 200 g,200 g,3.29,16.45,bon appetit,ladespensa
lenteja categoria extra carrefour 1 kg,1 kg,2.09,2.09,carrefour,ladespensa
cafe molido natural descafeinado carrefour classic 250 g,250 g,2.85,11.4,carrefour,ladespensa
tortita de pollo y quesos fundidos aldelis 270 g,270 g,3.09,11.444444444444443,aldelis,ladespensa
mermelada de fresa temporada hero sin gluten 350 g,350 g,2.69,7.685714285714286,hero,ladespensa
leche entera pascual sin lactosa brik 1 l,brik 1 l,1.39,1.39,pascual,ladespensa
anacardo crudo original carrefour 200 g,200 g,2.69,13.45,carrefour,ladespensa
arroz redondo sos 1 kg,1 kg,1.88,1.88,sos,ladespensa
cafe latte macchiatto light carrefour sensation sin gluten 250 ml,250 ml,0.85,3.4,carrefour,ladespensa
pan de molde con corteza carrefour classic 460 g,460 g,0.8,1.7391304347826086,carrefour,ladespensa
pan de molde integral de trigo con corteza carrefour classic 820 g,820 g,1.18,1.4390243902439024,carrefour,ladespensa
conos de maiz matutano 3d 85 g,85 g,1.36,16.0,matutano,ladespensa
tomate frito orlando sin gluten pack de 3 unidades de 350 g,pack de 3 unidades de 350 g,2.95,2.8095238095238098,orlando,ladespensa
bebida de soja con calcio carrefour sin gluten brik 1 l,brik 1 l,0.64,0.64,carrefour,ladespensa
aceite de oliva original 04 carbonell 1 l,1 l,6.19,6.19,carbonell,ladespensa
bebida lactea desnatada al cacao proteina plus carrefour sensation sin gluten y sin azucar anadido 330 ml,330 ml,1.28,3.878787878787879,carrefour,ladespensa
sal marina refinada fina carrefour 1 kg,1 kg,0.4,0.4,carrefour,ladespensa
cafe latte descafeinado carrefour sensation sin gluten 250 ml,250 ml,0.85,3.4,carrefour,ladespensa
pizza de jamon y queso con salsa mozzarella pizza  salsa campofrio 360 g,360 g,3.09,8.583333333333334,campofrio,ladespensa
pizza de jamon y queso carrefour classic 400 g,400 g,2.39,5.975,carrefour,ladespensa
yogur griego de fresa carrefour extra sin gluten pack de 6 unidades de 125 g,pack de 6 unidades de 125 g,1.7,2.2666666666666666,carrefour,ladespensa
chocolate con leche de los alpes milka 125 g,125 g,1.78,14.24,milka,ladespensa
bebida lactea desnatada de vainilla proteina plus sensation carrefour sin gluten y sin azucar anadido 330 ml,330 ml,1.28,3.878787878787879,carrefour,ladespensa
pan de molde rebanada estilo artesano bimbo 500 g,500 g,2.79,5.58,bimbo,ladespensa
alubias cocidas categoria extra classic carrefour 400 g,400 g,0.8,2.0,carrefour,ladespensa
tomate frito carrefour tarro 550 g,550 g,0.88,1.5999999999999999,carrefour,ladespensa
pipas gigantes aguasal classic carrefour sin gluten 200 g,200 g,1.16,5.799999999999999,carrefour,ladespensa
patatas fritas al punto de sal lays sin gluten 248 g,248 g,2.69,10.846774193548386,lays,ladespensa
flan sabor vainilla con caramelo carrefour sin gluten pack de 6 unidades de 100 g,pack de 6 unidades de 100 g,1.05,1.7500000000000002,carrefour,ladespensa
leche entera ecologica carrefour bio brik 1 l,brik 1 l,1.26,1.26,carrefour eco,ladespensa
galletas de avena y naranja digestive gullon 425 g,425 g,2.15,5.0588235294117645,gullon,ladespensa
tortitas de arroz integrales sensation carrefour sin gluten 130 g,130 g,1.13,8.692307692307692,carrefour,ladespensa
cafe latte proteina sin azucar anadido mr big kaiku sin gluten sin lactosa 370 ml,370 ml,2.69,7.27027027027027,kaiku,ladespensa
fideua carrefour 500 g,500 g,0.8,1.6,carrefour,ladespensa
aceite de girasol koipe sol 1 l,1 l,2.59,2.59,koipesol,ladespensa
patatas fritas sabor vinagreta classic carrefour 150 g,150 g,1.2,8.0,carrefour,ladespensa
bizcochos rellenos de chocolate con leche cakechoc milka 175 g,175 g,3.05,17.428571428571427,milka,ladespensa
pannini de jamon y queso dr oetker 250 g,250 g,3.25,13.0,droetker,ladespensa
caldo de pollo avecrem gallina blanca sin gluten 30 pastillas,30 pastillas,3.69,0.123,gallina blanca,ladespensa
sandwich bacon con huevo carrefour 150 g,150 g,2.29,15.266666666666667,bon appetit,ladespensa
pan de molde centeno original carrefour si lactosa 675 g,675 g,1.38,2.0444444444444443,carrefour,ladespensa
phoskitos original 4 ud,4 ud,3.15,0.7875,phoskitos,ladespensa
mayonesa ligeresa sin lactosa tarro 425 g,425 g,2.35,5.529411764705883,ligeresa,ladespensa
huevo de chocolate con sorpresa kinder sorpresa sin gluten 6 ud,6 ud,6.99,1.165,kinder,ladespensa
pasta fideo cabellin carrefour classic 1 kg,1 kg,1.4,1.4,carrefour,ladespensa
yogur de fresa con grageas de chocolate nestle smarties pack de 2 unidades de 128 g,pack de 2 unidades de 128 g,1.99,7.7734375,nestle,ladespensa
postre lacteo con galleta maria nestle la lechera pack de 2 unidades de 125 g,pack de 2 unidades de 125 g,1.75,7.0,la lechera,ladespensa
kefir natural carrefour sensation pack de 4 unidades de 125 g,pack de 4 unidades de 125 g,2.79,5.58,carrefour,ladespensa
salmorejo fresco garcia millan 1 l,1 l,3.95,3.95,garcia millan,ladespensa
tarta de queso carrefour original sin gluten 180 g,180 g,1.9,10.555555555555555,carrefour,ladespensa
salsa de miel y mostaza carrefour classic sin gluten envase 300 g,300 g,1.28,4.266666666666667,carrefour,ladespensa
mermelada de fresa categoria extra carrefour 410 g,410 g,1.49,3.6341463414634148,carrefour,ladespensa
bifidus natural carrefour classic sin azucares anadidos pack de 6 unidades de 125 g,pack de 6 unidades de 125 g,1.15,1.5333333333333332,carrefour,ladespensa
vinagre de manzana sin filtrar ecologico carrefour bio 500 ml,500 ml,2.25,4.5,carrefour bio,ladespensa
galletas maria gullon zero sin azucar 400 g,400 g,2.65,6.624999999999999,gullon,ladespensa
cocido madrileno litoral sin gluten 425 g,425 g,3.29,7.741176470588235,litoral,ladespensa
salsa ligera con aceite de girasol carrefour 500 ml,500 ml,1.59,3.18,carrefour,ladespensa
napolitanas rellenas de crema carrefour classic 320 g,320 g,1.55,4.84375,carrefour,ladespensa
aceitunas verdes rellenas de anchoa la espanola sin gluten 150 g,150 g,2.55,17.0,la espanola,ladespensa
pizza barbacoa casa tarradellas 440 g,440 g,3.29,7.4772727272727275,casa tarradellas,ladespensa
barritas de chocolate con leche y crema de avellanas white kinder bueno pack de 5 unidades de 39 g,pack de 5 unidades de 39 g,5.25,26.923076923076923,kinder,ladespensa
gelatina sabor frutos rojos proteina plus 0 materia grasa carrefour sin gluten pack de 4 unidades de 100 g,pack de 4 unidades de 100 g,1.47,3.675,carrefour,ladespensa
cafe capsulas intenso carrefour extra compatible con dolce gusto 16 unidades de 7 g,7 g,3.55,507.1428571428571,carrefour,ladespensa
cafe colombia en capsulas carrefour extra compratibles con nespresso 20 ud,20 ud,3.89,0.1945,carrefour,ladespensa
masa fresca para pizza fina casa tarradellas 260 g,260 g,1.49,5.730769230769231,casa tarradellas,ladespensa
alubias cocidas en salsa de tomate heinz 415 g,415 g,1.5,3.6144578313253013,heinz,ladespensa
sal marina fina carrefour 250 g,250 g,0.62,2.48,carrefour,ladespensa
pisto fritada de hortalizas  montey lata 420 g,lata 420 g,0.81,1.9285714285714288,montey,ladespensa
galletas de fibra integral zero gullon sin azucar 170 g,170 g,2.05,12.058823529411763,gullon,ladespensa
chocolate con leche y almendras carrefour extra sin gluten 200 g,200 g,1.99,9.95,carrefour,ladespensa
fresas carrefour classic 650 g,650 g,3.89,5.984615384615385,carrefour,ladespensa
barrita de chocolate con leche kinder maxi sin gluten 10 ud,10 ud,4.29,0.429,kinder,ladespensa
pizza de pollo y salsa barbacoa campofrio 400 g,400 g,3.25,8.125,campofrio,ladespensa
gazpacho con hortalizas frescas carrefour sin gluten 1 l,1 l,2.29,2.29,carrefour,ladespensa
aceite de oliva virgen extra carrefour extra 200 ml,200 ml,2.79,13.95,carrefour,ladespensa
churros crujientes y tiernos ultracongelados carrefour original 500 g,500 g,1.5,3.0,carrefour,ladespensa
leche entera vita calcio puleva brik 1 l,brik 1 l,1.39,1.39,puleva,ladespensa
natillas de vainilla altas en proteinas danone sin gluten pack de 4 unidades de 120 g,pack de 4 unidades de 120 g,1.99,4.145833333333333,danone,ladespensa
pepinillos pequenos en vinagre classic carrefour 230 g,230 g,1.5,6.521739130434782,carrefour,ladespensa
picos gourmet carrefour 130 g,130 g,1.59,12.230769230769232,carrefour,ladespensa
preparado de soja sabor mango sin azucar anadido alpro mas fruta sin gluten sin lactosa 400 g,400 g,2.59,6.475,alpro,ladespensa
arroz vaporizado largo brillante 1 kg,1 kg,1.99,1.99,brillante,ladespensa
ajetes trigueros gambas carrefour 450 g,450 g,2.89,6.4222222222222225,carrefour,ladespensa
macedonia de verduras classic carrefour sin sal anadida 320 g,320 g,0.9,2.8125,carrefour,ladespensa
yogur sabor platano danone sin gluten pack de 4 unidades de 120 g,pack de 4 unidades de 120 g,0.99,2.0625,danone,ladespensa
chapelas zebra dulcesol 3 ud,3 ud,1.09,0.36333333333333334,dulcesol,ladespensa
lentejas a la riojana original carrefour 430 g,430 g,1.38,3.2093023255813953,carrefour,ladespensa
bloque de helado de nata chocolate y vainilla carrefour 420 g,420 g,1.9,4.523809523809524,carrefour,ladespensa
peskitos pescanova 400 g,400 g,4.29,10.725,pescanova,ladespensa
pimienta negra molida carrefour 45 g,45 g,0.85,18.88888888888889,carrefour,ladespensa
perejil hoja carrefour classic 10 g,10 g,0.51,51.0,carrefour,ladespensa
guisantes extrafinos classic carrefour 230 g,230 g,1.09,4.739130434782608,carrefour,ladespensa
croquetas mini de jamon carrefour classic 500 g,500 g,1.52,3.04,carrefour,ladespensa
crema de cacao y leche con avellanas carrefour classic sin gluten 400 g,400 g,1.64,4.1,carrefour,ladespensa
helado de vainilla carrefour 480 g,480 g,2.39,4.979166666666667,carrefour,ladespensa
bebida de arroz calcio sin azucar anadido carrefour sin gluten brik 1 l,brik 1 l,1.1,1.1,carrefour,ladespensa
cebolla frita crujiente sensation carrefour 150 g,150 g,1.15,7.666666666666666,carrefour,ladespensa
galletas con pepitas de chocolate chips ahoy 400 g,400 g,5.85,14.624999999999998,chips ahoy,ladespensa
fideos orientales de ternera sensation carrefour 65 g,65 g,0.94,14.46153846153846,carrefour,ladespensa
kefir pastoret sin gluten 500 g,500 g,2.35,4.7,pastoret,ladespensa
nuez cascara carrefour granel 500 g aprox,500 g,2.44,4.88,carrefour,ladespensa
copa de chocolate con nata danone la copa pack de 2 unidades de 110 g,pack de 2 unidades de 110 g,2.15,9.772727272727272,danone,ladespensa
cereales rellenos de crema de avellana crocks sensation carrefour sin gluten 500 g,500 g,2.09,4.18,carrefour,ladespensa
galletas rellenas de crema de vainilla lotus biscoff 150 g,150 g,1.84,12.266666666666667,lotus,ladespensa
aperitivo de patata sabor original dipster carrefour 175 g,175 g,1.94,11.085714285714285,carrefour,ladespensa
lentejas con verduras classic carrefour 430 g,430 g,1.28,2.9767441860465116,carrefour,ladespensa
aceitunas negras cacerenas con hueso classic carrefour 200 g,200 g,1.12,5.6000000000000005,carrefour,ladespensa
patatas fritas onduladas sabor queso curado sensation carrefour sin guten 150 g,150 g,1.45,9.666666666666666,carrefour,ladespensa
cafe soluble natural nescafe classic pack de 10 ud,pack de 10 ud,1.8,0.18,nescafe,ladespensa
tomate frito con aceite de oliva solis sin gluten pack de 2 tarros de 460 g,pack de 2 tarros de 460 g,4.05,8.804347826086955,solis,ladespensa
pasta fideo n4 gallo 450 g,450 g,1.45,3.222222222222222,gallo,ladespensa
bifidus natural carrefour classic pack de 4 unidades de 125 g,pack de 4 unidades de 125 g,0.8,1.6,carrefour,ladespensa
hummus de garbanzos con aceitunas de kalamata carrefour extra sin gluten 240 g,240 g,1.45,6.041666666666667,carrefour,ladespensa
yogur sabor  limon carrefour classic pack de 4 unidades de 125 g,pack de 4 unidades de 125 g,0.75,1.5,carrefour,ladespensa
pizza de atun y bacon carrefour classic 400 g,400 g,2.69,6.725,carrefour,ladespensa
chocolate negro 80 cacao seleccion carrefour 80 g,80 g,2.05,25.624999999999996,carrefour seleccion,ladespensa
chocolate negro con flor de sal selection carrefour 100 g,100 g,1.95,19.5,carrefour seleccion,ladespensa
aceite de oliva intenso 1 la masia garrafa 5 l,5 l,21.2,4.24,la masia,ladespensa
yogur liquido de frutas del bosque carrefour classic sin gluten 15 l,15 l,1.99,0.13266666666666665,carrefour,ladespensa
yogur natural azucarado danone sin gluten pack de 4 unidades de 120 g,pack de 4 unidades de 120 g,0.99,2.0625,danone,ladespensa
salsa cesar para ensaladas carrefour classic sin gluten envase 300 g,300 g,1.28,4.266666666666667,carrefour,ladespensa
baguette precocida carrefour classic pack de 2 unidades de 150 g,pack de 2 unidades de 150 g,0.99,3.3000000000000003,carrefour,ladespensa
braseado verdura con pollo carrefour 450 g,450 g,2.45,5.444444444444445,carrefour,ladespensa
leche proteina celta sin lactosa brik 1 l,brik 1 l,1.65,1.65,celta,ladespensa
cafe soluble natural nescafe classic 300 g,300 g,12.35,41.166666666666664,nescafe,ladespensa
mayonesa hellmanns sin gluten y sin lactosa tarro 650 ml,650 ml,4.29,6.6,hellmanns,ladespensa
arroz basmati tilda 1 kg,1 kg,3.59,3.59,sundari,ladespensa
nuggets rebozado fino recetas crujientes la cocinera 400 g,400 g,4.95,12.375,la cocinera,ladespensa
bebida de avena ecologica yosoy sin gluten brik 1 l,brik 1 l,2.15,2.15,yosoy,ladespensa
tiramisu carrefour original pack de 4 unidades de 90 g,pack de 4 unidades de 90 g,3.05,8.472222222222221,carrefour,ladespensa
besos de goma sabor fresa nata carrefour classic sin gluten 250 g,250 g,1.1,4.4,carrefour,ladespensa
petit sabor fresa carrefour kids en bolsitas pack de 4 unidades de 90 g,pack de 4 unidades de 90 g,1.7,4.722222222222222,carrefour,ladespensa
yogur con melocoton nestle la lechera pack de 2 unidades de 125 g,pack de 2 unidades de 125 g,1.56,6.24,la lechera,ladespensa
empanadillas de atun carrefour 500 g,500 g,1.9,3.8,carrefour,ladespensa
chocolate con leche nestle dolca sin gluten 100 g,100 g,1.54,15.4,nestle,ladespensa
caldo de verduras classic carrefour sin gluten brik 1 l,brik 1 l,0.99,0.99,carrefour,ladespensa
masa para empanadillas estilo argentino buitoni 350 g,350 g,2.29,6.542857142857144,buitoni,ladespensa
mini redondos de chocolate carrefour 155 g,155 g,1.79,11.548387096774194,carrefour,ladespensa
tortitas de maiz sabor jamon iberico bicentury 70 g,70 g,1.78,25.428571428571427,bicentury,ladespensa
mayonesa hellmanns sin gluten y sin lactosa envase 430 ml,430 ml,3.89,9.046511627906977,hellmanns,ladespensa
galletas rellenas de crema trio carrefour classic 2358 g,2358 g,2.05,0.8693808312128922,carrefour,ladespensa
fabada asturiana litoral sin gluten 980 g,980 g,5.69,5.806122448979592,litoral,ladespensa
chicles sabor menta orbit sin azucar 64 g,64 g,3.69,57.65625,orbit,ladespensa
galletas de mantequillas con tabletas de chocolate negro carrefour classic 150 g,150 g,1.4,9.333333333333334,carrefour,ladespensa
leche entera rio brik 1 l,brik 1 l,1.14,1.14,rio,ladespensa
crema de chocolate y caramelo extrafino nestle pack de 2 unidades de 70 g,pack de 2 unidades de 70 g,1.78,12.714285714285714,nestle,ladespensa
pasas sultanas carrefour 350 g,350 g,2.49,7.114285714285716,carrefour,ladespensa
petit sabor fresa y platano danone danonino sin gluten pack de 4 unidades de 100 g,pack de 4 unidades de 100 g,2.29,5.725,danonino,ladespensa
aceitunas verdes manzanilla sin hueso carrefour 400 g,400 g,2.79,6.975,carrefour,ladespensa
bizcocho recubierto de frambuesa y chocolate pims fontaneda 150 g,150 g,3.29,21.933333333333334,lu,ladespensa
cereales de maiz corn flakes kelloggs 500 g,500 g,2.99,5.98,kelloggs,ladespensa
pasta fideo entrefino carrefour classic 500 g,500 g,0.8,1.6,carrefour,ladespensa
filete de caballa del sur en aceite de girasol classic carrefour pack 3 unidades de 65 g,pack 3 unidades de 65 g,1.89,0.63,carrefour,ladespensa
leche semidesnatada central lechera asturiana brik 500 ml,brik 500 ml,0.77,1.54,central lechera asturiana,ladespensa
caldo de carne knorr sin gluten 24 pastillas,24 pastillas,2.85,0.11875000000000001,knorr,ladespensa
pizza de atun fina y crujiente forno di pietra buitoni 345 g,345 g,3.65,10.579710144927537,buitoni,ladespensa
galletas mini wafers milka 110 g ,110 g,2.25,20.454545454545453,milka,ladespensa
pipas peladas y fritas classic carrefour 200 g,200 g,1.1,5.5,carrefour,ladespensa
cafe soluble descafeinado carrefour classic 200 g,200 g,4.95,24.75,carrefour,ladespensa
snacks de chifles hojuelas de platano con sal tortolines 105 g,105 g,1.66,15.80952380952381,tortolines,ladespensa
yogur griego sabor caramelo danone pack de 4 unidades de 110 g,pack de 4 unidades de 110 g,1.59,3.6136363636363638,danone,ladespensa
pizza barbacoa carrefour 350 g,350 g,2.15,6.142857142857143,carrefour,ladespensa
nuggets recetas crujientes la cocinera 350 g,350 g,4.95,14.142857142857144,la cocinera,ladespensa
gazpacho con aceite de oliva virgen extra carrefour sin gluten pack de 3 unidades de 330 ml,pack de 3 unidades de 330 ml,2.15,2.1717171717171717,carrefour,ladespensa
tortitas de maiz bicentury sin gluten 130 g,130 g,1.94,14.923076923076922,bicentury,ladespensa
leche desnatada enriquecida en proteinas calcio y vitaminas k d y b12 puleva sin lactosa 1 l,1 l,1.65,1.65,puleva,ladespensa
natillas de vainilla nestle la lechera pack de 4 unidades de 115 g,pack de 4 unidades de 115 g,2.15,4.673913043478261,la lechera,ladespensa
garbanzo categoria extra carrefour 1 kg,1 kg,2.19,2.19,carrefour,ladespensa
aceite de oliva virgen extra coosur 5 l,5 l,28.3,5.66,coosur,ladespensa
croquetas de cocido casero y jamon serrano la cocinera 500 g ,500 g,4.95,9.9,la cocinera,ladespensa
esparragos blancos gruesos 612 carrefour 325 g,325 g,2.89,8.892307692307693,carrefour,ladespensa
regaliz de goma sabor fresa rellenos con zumo de fruta fini 125 g,125 g,1.12,8.96,fini,ladespensa
coco en trozos carrefour 125 g,125 g,1.69,13.52,carrefour,ladespensa
postre lacteo sabor vainilla proteina plus carrefour sensation sin gluten y sin azucar anadido 200 g,200 g,1.25,6.25,carrefour,ladespensa
bebida de arroz ecologica carrefour bio brik 1 l,brik 1 l,1.54,1.54,carrefour bio,ladespensa
atun claro al natural classic carrefour pack de 3 latas de 104 g,pack de 3 latas de 104 g,3.89,12.467948717948719,carrefour,ladespensa
gelatina light sabor fresa sin azucar anadido carrefour sin gluten pack de 6 unidades de 100 g,pack de 6 unidades de 100 g,0.98,1.6333333333333333,carrefour,ladespensa
palitos de chocolate con leche mikado lu 75 g,75 g,2.35,31.333333333333336,lu,ladespensa
masa para empanadillas y postres buitoni 280 g,280 g,1.81,6.4642857142857135,buitoni,ladespensa
barritas de chocolate con leche crema de cacahuete caramelo y cacahuetes snickers 5 ud,5 ud,4.29,0.858,snickers,ladespensa
leche entera ecologica puleva brik 1 l,brik 1 l,1.69,1.69,puleva,ladespensa
pasta macarrones integrales classic carrefour 500 g,500 g,1.2,2.4,carrefour,ladespensa
leche desnatada ecologica carrefour bio brik 1 l,brik 1 l,1.19,1.19,carrefour eco,ladespensa
tostadas de trigo sarraceno ecologicas santiveri sin gluten sin lactosa y sin azucar anadido 100 g,100 g,2.69,26.9,santiveri,ladespensa
bombon after dinner classic magnun sin gluten 8 ud,8 ud,5.55,0.69375,magnum,ladespensa
caramelos extra fuerte sin azucar halls 4 paquetes de 32 g,32 g,2.85,89.0625,halls,ladespensa
yogur estilo griego con trocitos de chocolate y sabor a vainilla yaos sin gluten pack de 4 unidades de 115 g,pack de 4 unidades de 115 g,1.89,4.108695652173913,yaos,ladespensa
sandwich cookie maxibon nestle 4 ud,4 ud,6.49,1.6225,maxibon,ladespensa
flan de huevo sin azucar anadido carrefour sin gluten pack de 4 unidades de 100 g,pack de 4 unidades de 100 g,1.8,4.5,carrefour,ladespensa
pizza mozzarella ristorante dr oetker 355 g,355 g,3.75,10.563380281690142,ristorante,ladespensa
aperitivo de cereales con sal marina sunbites 95 g,95 g,2.19,23.052631578947366,sunbites,ladespensa
caldo para paella classic carrefour sin gluten 1 l,1 l,1.99,1.99,carrefour,ladespensa
croquetas de jamon iberico la cocinera 400 g,400 g,4.95,12.375,la cocinera,ladespensa
mayonesa hellmanns sin gluten tarro 225 ml,225 ml,2.15,9.555555555555555,hellmanns,ladespensa
cafe molido mezcla descafeinado carrefour classic 250 g,250 g,3.09,12.36,carrefour,ladespensa
leche fermentada desnatada con fresa proteina danone 265 ml,265 ml,1.6,6.037735849056604,danone,ladespensa
chocolate negro 85 lindt excellence 100 g,100 g,5.05,50.49999999999999,lindt,ladespensa
ravioli de carne con verduras carrefour extra 250 g,250 g,1.9,7.6,carrefour,ladespensa
preparado de soja sabor arandanos y frutos rojos alpro sin gluten sin lactosa pack de 4 unidades de 125 g,pack de 4 unidades de 125 g,2.79,5.58,alpro,ladespensa
atun claro en aceite de girasol calvo pack de 6 latas de 52 g,pack de 6 latas de 52 g,6.95,22.275641025641026,calvo,ladespensa
yogur desnatado con mango danone proteina sin gluten y sin azucar anadida pack de 4 unidades de 105 g,pack de 4 unidades de 105 g,1.89,4.5,danone,ladespensa
bifidus desnatado con trozos de melocoton y maracuya sin azucar anadido carrefour pack de 4 unidades de 125 g,pack de 4 unidades de 125 g,1.19,2.38,carrefour,ladespensa
galletas para helados mels 20 ud,20 ud,0.54,0.027000000000000003,mels,ladespensa
pasta espirales tricolor carrefour classic 1 kg,1 kg,1.55,1.55,carrefour,ladespensa
postre de soja sabor chocolate carrefour sensation pack de 4 unidades de 100 g,pack de 4 unidades de 100 g,1.55,3.875,carrefour,ladespensa
galletas con chocolate choco biscuits milka 150 g,150 g,3.59,23.933333333333334,milka,ladespensa
yogur liquido natural azucarado carrefour classic 1 kg,1 kg,1.4,1.4,carrefour,ladespensa
galletas napolitana cuetara 426 g,426 g,2.85,6.690140845070423,cuetara,ladespensa
maiz frito con sabor barbacoa mistercorn 160 g,160 g,2.25,14.0625,grefusa,ladespensa
cereales special k classic kelloggs 700 g,700 g,4.89,6.985714285714286,kelloggs,ladespensa
gotas de chocolate negro carrefour original sin gluten 250 g,250 g,2.75,11.0,carrefour,ladespensa
pan del molde schr sin gluten y sin lactosa 300 g,300 g,3.09,10.3,schar,ladespensa
chocolate negro 72 cacao carrefour seleccion 80 g,80 g,1.48,18.5,carrefour seleccion,ladespensa
conos con helado de tres chocolates carrefour 6 ud,6 ud,3.09,0.515,carrefour,ladespensa
galletas de barquillo rellenas de crema de chocolate zero gullon sin azucares 180 g,180 g,2.09,11.61111111111111,gullon,ladespensa
pan de molde con cereales schr sin gluten y sin lactosa 300 g,300 g,3.15,10.5,schar,ladespensa
bifidus desnatado con trozos de melocoton danone activia sin azucar anadido pack de 4 unidades de 120 g,pack de 4 unidades de 120 g,2.99,6.229166666666667,activia,ladespensa
leche fermentada natural edulcorado carrefour classic sin azucares anadidos pack de 6 unidades de 125 g,pack de 6 unidades de 125 g,1.05,1.4000000000000001,carrefour,ladespensa
palomitas sabor mantequilla para microondas carrefour pack de 3 bolsas de 100 g,pack de 3 bolsas de 100 g,1.3,13.0,carrefour,ladespensa
mejillon al natural 1318 classic carrefour 69 g,69 g,1.7,24.637681159420286,carrefour,ladespensa
mermelada de melocoton categoria extra carrefour 410 g,410 g,1.35,3.2926829268292686,carrefour,ladespensa
pasta tallarines classic carrefour 1 kg,1 kg,1.2,1.2,carrefour,ladespensa
cereales integrales con chocolate chocapic nestle 375 g,375 g,3.65,9.733333333333333,chocapic,ladespensa
aros de chocolate negro carrefour 128 g,128 g,0.99,7.734375,carrefour,ladespensa
nata montada azucarada carrefour spray 250 ml,250 ml,1.65,6.6,carrefour,ladespensa
crema de calabaza classic carrefour sin gluten 500 ml,500 ml,0.99,1.98,carrefour,ladespensa
galletas de barquillo rellenas de crema de vainilla zero gullon sin azucar 180 g,180 g,2.09,11.61111111111111,gullon,ladespensa
tomate triturado cidacos 800 g,800 g,2.19,2.7375,cidacos,ladespensa
banderillas picantes classic carrefour 180 g,180 g,1.8,10.0,carrefour,ladespensa
masa hojaldre carrefour classic 460 g,460 g,2.09,4.5434782608695645,carrefour,ladespensa
leche fermentada liquida natural danone danacol sin gluten y sin azucar anadido pack de 14 unidades de 100 g,pack de 14 unidades de 100 g,7.99,5.707142857142857,danacol,ladespensa
leche fermentada tropical sin azucar anadido danone danacol sin gluten pack de 6 unidades de 100 g,pack de 6 unidades de 100 g,4.49,7.483333333333334,danacol,ladespensa
bifidus cremoso de fresa danone activia pack de 4 unidades de 115 g,pack de 4 unidades de 115 g,2.69,5.8478260869565215,activia,ladespensa
helado sorbete de limon carrefour 580 g,580 g,2.35,4.051724137931035,carrefour,ladespensa
ensaladilla rusa con atun carrefour sin gluten 250 g,250 g,1.8,7.2,carrefour,ladespensa
pasta espagueti integral carrefour classic 500 g,500 g,1.2,2.4,carrefour,ladespensa
yogur de proteinas liquido desnatado sabor platano carrefour sensation sin gluten y sin azucar anadido 400 g,400 g,1.64,4.1,carrefour,ladespensa
gelatina sabor fresa sin azucar royal sin gluten pack de 4 unidades de 90 g,pack de 4 unidades de 90 g,1.89,5.25,royal,ladespensa
galletas campurrianas cuetara 755 g,755 g,4.19,5.549668874172186,cuetara,ladespensa
crackers original tuc 100 g,100 g,1.46,14.6,tuc,ladespensa
mango congelado carrefour 450 g,450 g,3.59,7.977777777777777,carrefour,ladespensa
tiburon vegetal carrefour 500 g,500 g,0.9,1.8,carrefour,ladespensa
huevos frescos carrefour el mercado 12 ud,12 ud,4.35,0.3625,carrefour,ladespensa
placas para lasana precocidas el pavo 200 g,200 g,1.65,8.249999999999998,el pavo,ladespensa
leche condensada entera classic carrefour 1 kg,1 kg,3.79,3.79,carrefour,ladespensa
gofre de chocolate negro carrefour classic pack de 6 unidades de 60 g,pack de 6 unidades de 60 g,2.45,6.805555555555556,carrefour,ladespensa
preparado de coco natural alpro sin gluten y sin lactosa 350 g,350 g,2.59,7.4,alpro,ladespensa
mantequilla ecologica carrefour bio 250 g,250 g,3.89,15.56,carrefour bio,ladespensa
mejillones en escabeche 1620 classic carrefour sin gluten pack de 3 unidades de 43 g,pack de 3 unidades de 43 g,2.79,21.627906976744185,carrefour,ladespensa
cacahuetes fritos y salados con piel classic carrefour 200 g,200 g,0.99,4.949999999999999,carrefour,ladespensa
leche fermentada azucarada natural carrefour no lactosa sin lactosa pack de 4 unidades de 125 g,pack de 4 unidades de 125 g,1.42,2.84,carrefour,ladespensa
leche semidesnatada president sin lactosa brik 1 l,brik 1 l,1.02,1.02,president,ladespensa
chocolate negro potres nestle sin gluten 200 g,200 g,4.15,20.75,nestle,ladespensa
preparado de soja sabor frutos rojos con datiles sin azucar anadido sin gluten y sin lactosa alpro 400 g,400 g,2.59,6.475,alpro,ladespensa
pizza de espinacas ristorante dr oetker 390 g,390 g,3.75,9.615384615384615,ristorante,ladespensa
aperitivo de maiz sabor queso chitos sensation carrefour 115 g,115 g,1.08,9.391304347826088,carrefour,ladespensa
preparado de soja fresa tipo skyr alto en proteina alpro sin lactosa 400 g,400 g,2.59,6.475,alpro,ladespensa
aperitivo de patata sabor paprika pringles 185 g,185 g,2.89,15.621621621621623,pringles,ladespensa
pasta estrellas carrefour classic 500 g,500 g,0.8,1.6,carrefour,ladespensa
grissini con aceite de oliva carrefour original 125 g,125 g,1.13,9.04,carrefour,ladespensa
cafe latte espresso kaiku sin gluten 230 ml,230 ml,1.88,8.17391304347826,kaiku,ladespensa
atun claro al natural contenido reducido en sal classic carrefour pack de 3 latas de 56 g,pack de 3 latas de 56 g,2.99,17.797619047619047,carrefour,ladespensa
crema de cacao con avellanas carrefour sin gluten 400 g,400 g,1.64,4.1,carrefour,ladespensa
anacardos fritos classic carrefour sin sal anadida 125 g,125 g,1.91,15.28,carrefour,ladespensa
bifidus cremoso sabor coco danone activia pack de 4 unidades de 115 g,pack de 4 unidades de 115 g,2.69,5.8478260869565215,activia,ladespensa
bebida de soja alpro sin gluten y sin lactosa brik 1 l,brik 1 l,2.15,2.15,alpro,ladespensa
preparado de soja con vainilla alpro sin gluten y sin lactosa 400 g,400 g,2.29,5.725,alpro,ladespensa
patatas fritas extracrujientes con aceite de girasol seleccion carrefour sin gluten 150 g,150 g,1.35,9.000000000000002,carrefour seleccion,ladespensa
baguettes de atun carrefour classic 262 g,262 g,1.99,7.595419847328244,carrefour,ladespensa
masa fresca de hojaldre casa tarradellas 260 g,260 g,1.49,5.730769230769231,casa tarradellas,ladespensa
berlinas bombon donuts 4 ud,4 ud,2.99,0.7475,donuts,ladespensa
leche semidesnatada puleva sin lactosa botella 1 l,botella 1 l,1.43,1.43,puleva,ladespensa
nachos tex mex doritos 225 g,225 g,2.59,11.511111111111111,doritos,ladespensa
berlina fondant donuts 204 g,204 g,2.99,14.65686274509804,donuts,ladespensa
chocolate con leche extrafino nestle sin gluten pack de 3 tabletas de 125 g,pack de 3 tabletas de 125 g,5.75,46.0,nestle,ladespensa
croissants carrefour classic 350 g,350 g,1.5,4.285714285714286,carrefour,ladespensa
ketchup classic carrefour envase 560 g,560 g,1.07,1.9107142857142856,carrefour,ladespensa
pizza barbacoa pizza  salsa campofrio 410 g,410 g,3.09,7.536585365853659,campofrio,ladespensa
pizza quattro formaggi ristorante dr oetker 340 g,340 g,3.75,11.029411764705882,ristorante,ladespensa
aceite de oliva suave 04 carrefour 1 l,1 l,3.84,3.84,carrefour,ladespensa
pasta macarrones carrefour classic 1 kg,1 kg,1.2,1.2,carrefour,ladespensa
masa de hojaldre carrefour classic 230 g,230 g,1.1,4.782608695652174,carrefour,ladespensa
leche desnatada president brik 1 l,brik 1 l,0.99,0.99,president,ladespensa
aperitivo sabor mantequilla jumpers sin gluten 100 g,100 g,1.24,12.399999999999999,vidal,ladespensa
natillas con galleta entera carrefour pack de 4 unidades de 125 g,pack de 4 unidades de 125 g,1.25,2.5,carrefour,ladespensa
patatas fritas extracrujientes con aceite de oliva seleccion carrefour 150 g,150 g,1.57,10.466666666666667,carrefour seleccion,ladespensa
pasta espaguetis carrefour classic 1 kg,1 kg,1.2,1.2,carrefour,ladespensa
aceite de oliva virgen extra hojiblanca coosur 1 l,1 l,7.49,7.49,coosur,ladespensa
tomate triturado classic carrefour 780 g,780 g,0.96,1.2307692307692306,carrefour,ladespensa
gnocchi de patata carrefour extra 500 g,500 g,1.1,2.2,carrefour,ladespensa
patatas fritas sabor campesina classic carrefour 150 g,150 g,1.2,8.0,carrefour,ladespensa
bebida de almendras sin azucar alpro sin gluten y sin lactosa brik 1 l,brik 1 l,2.19,2.19,alpro,ladespensa
galletas safari carrefour classic pack de 3 unidades de 200 g,pack de 3 unidades de 200 g,1.42,2.3666666666666667,carrefour,ladespensa
bebida de soja sin azucar anadido carrefour sin gluten brik 1 l,brik 1 l,0.74,0.74,carrefour,ladespensa
leche fermentada liquida de fresa sin azucar anadido danone danacol pack de 14 unidades de 100 g,pack de 14 unidades de 100 g,7.99,5.707142857142857,danacol,ladespensa
tortillas de trigo old el paso 244 g,244 g,2.35,9.631147540983607,old el paso,ladespensa
margarina ligera carrefour 500 g,500 g,1.45,2.9,carrefour,ladespensa
lcasei liquido desnatado sabor fresa carrefour classic sin azucar anadido pack de 6 unidades de 100 g,pack de 6 unidades de 100 g,1.55,2.5833333333333335,carrefour,ladespensa
tomate frito orlando sin gluten brik 780 g,brik 780 g,1.85,2.371794871794872,orlando,ladespensa
gazpacho seleccion de temporada alvalle 900 ml,900 ml,3.39,3.7666666666666666,alvalle,ladespensa
bifidus desnatado con trozos de fresa sin azucar anadido carrefour classic pack de 4 unidades de 125 g,pack de 4 unidades de 125 g,1.19,2.38,carrefour,ladespensa
picos artesanos con aceite de oliva carrefour 240 g,240 g,1.59,6.625000000000001,carrefour,ladespensa
tacos de poton al ajillo classic carrefour 65 g,65 g,1.49,22.923076923076923,carrefour,ladespensa
helado chocolate fudge brownie ben  jerrys 465 ml,465 ml,6.99,15.032258064516128,benjerrys,ladespensa
pipas gigantes saladas classic carrefour sin gluten 400 g,400 g,2.25,5.625,carrefour,ladespensa
aceite de oliva suave 04 la masia garrafa 5 l,5 l,21.2,4.24,la masia,ladespensa
sopa de pollo con fideos calnort 66 g,66 g,0.34,5.151515151515151,calnort,ladespensa
aceitunas verdes rellenas de anchoa serpis sin gluten y sin lactosa 150 g,150 g,2.65,17.666666666666668,serpis,ladespensa
bombones surtidos nestle caja roja 198 g,198 g,6.95,35.1010101010101,nestle,ladespensa
sardinas en aceite de oliva bajo en sal calvo 84 g,84 g,2.25,26.785714285714285,calvo,ladespensa
sardinillas con salsa picantona classic carrefour 60 g,60 g,1.42,23.666666666666668,carrefour,ladespensa
patatas fritas campesinas lays sin gluten 250 g,250 g,3.25,13.0,lays,ladespensa
bifidus de fibras con avena y nueces danone activia pack de 4 unidades de 120 g,pack de 4 unidades de 120 g,2.99,6.229166666666667,activia,ladespensa
preparado de soja y lima limon alpro sin gluten y sin lactosa 400 g,400 g,2.29,5.725,alpro,ladespensa
chocolate negro intenso con naranja lindt excellence 100 g,100 g,4.15,41.5,lindt,ladespensa
chocolate crujiente crunch nestle sin gluten 100 g,100 g,2.19,21.9,nestle,ladespensa
cocktail de frutos secos tostados fuerza original carrefour sin sal anadida 175 g,175 g,2.45,14.000000000000002,carrefour,ladespensa
salsa de soja heinz botella 150 ml,botella 150 ml,3.19,21.266666666666666,heinz,ladespensa
batido de cacao shake carrefour 250 ml,250 ml,0.93,3.72,carrefour,ladespensa
hummus de garbanzos con pimientos del piquillo carrefour extra sin gluten 240 g,240 g,1.45,6.041666666666667,carrefour,ladespensa
sardinas en aceite de oliva calvo 84 g,84 g,2.05,24.4047619047619,calvo,ladespensa
chocolate negro 82 con almendras mediterraneas enteras valor sin gluten 250 g,250 g,7.35,29.4,valor,ladespensa
aceite de oliva intenso 1 la masia 1 l,1 l,5.19,5.19,la masia,ladespensa
chicles sabor hierbabuena triden 435 g,435 g,1.58,3.632183908045977,trident,ladespensa
fideos orientales picantes fuego yatekomo 81 g,81 g,2.19,27.037037037037035,yatekomo,ladespensa
arroz redondo integral carrefour 1 kg,1 kg,1.72,1.72,carrefour,ladespensa
harina de maiz fina maizena sin gluten 400 g,400 g,3.25,8.125,maizena,ladespensa
tofu natural ecologico carrefour bio 400 g,400 g,2.89,7.225,carrefour bio,ladespensa
cafe soluble descafeinado en sobres nescafe classic 10 ud,10 ud,1.79,0.179,nescafe,ladespensa
helado de menta chocolate extra carrefour 1000 ml,1000 ml,3.09,3.09,carrefour,ladespensa
ensalada americana carrefour sin gluten 250 g,250 g,1.6,6.4,carrefour,ladespensa
aceitunas verdes rellenas de anchoa reducido en sal carrefour pack de 3 latas de 50 g,pack de 3 latas de 50 g,1.95,13.0,carrefour,ladespensa
filetes de melva en aceite de oliva tejero 60 g,60 g,2.85,47.5,tejero,ladespensa
tocino de cielo al bano maria carrefour original sin gluten pack de 2 unidades de 100 g,pack de 2 unidades de 100 g,1.65,8.249999999999998,carrefour,ladespensa
mini barrita de chocolate con corazon de leche carrefour classic 200 g,200 g,2.19,10.95,carrefour,ladespensa
pimenton dulce carrefour classic 45 g,45 g,0.8,17.77777777777778,carrefour,ladespensa
aceite de oliva virgen extra carrefour extra 5 l,5 l,22.8,4.5600000000000005,carrefour,ladespensa
bifidus con trozos de fresa danone activia pack de 4 unidades de 120 g,pack de 4 unidades de 120 g,2.99,6.229166666666667,activia,ladespensa
sardinillas en aceite de girasol classic carrefour pack de 2 unidades de 65 g,pack de 2 unidades de 65 g,1.89,14.538461538461537,carrefour,ladespensa
galletas de chocolate digestive zero gullon sin azucar 270 g,270 g,3.45,12.777777777777777,gullon,ladespensa
mousse proteico sabor chocolate carrefour sensation sin gluten 200 g,200 g,1.38,6.8999999999999995,carrefour,ladespensa
yogur estilo griego con coco yaos sin gluten pack 4 unidades 115 g,pack 4 unidades,1.65,0.4125,yaos,ladespensa
barra de pan pistola carrefour 250 g,250 g,0.46,1.84,carrefour,frescos
banana a granel 1 kg aprox,1 kg,1.49,1.49,Desconocida,frescos
platano de canarias igp carrefour 900g aprox,900g,2.24,2.488888888888889,carrefour,frescos
baguette carrefour 1 ud,1 ud,0.49,0.49,carrefour,frescos
tomate cherry pera 250 g,250 g,1.0,4.0,Desconocida,frescos
barra de pan pistola carrefour 3 ud,3 ud,1.09,0.36333333333333334,carrefour,frescos
queso mozzarella rallado carrefour 200 g,200 g,1.56,7.8,carrefour,frescos
zanahoria circulo de calidad carrefour 1 kg,1 kg,1.15,1.15,circulo de calidad,frescos
pimiento rojo  granel 1 kg aprox ,1 kg,2.49,2.49,carrefour,frescos
guacamole carrefour 200 g,200 g,1.69,8.45,carrefour,frescos
calabacin carrefour a granel 12 kg aprox,12 kg,2.1,0.17500000000000002,carrefour,frescos
bacon sabor ahumado en tiras carrefour el mercado sin gluten pack de 2 unidades de 100 g,pack de 2 unidades de 100 g,1.99,9.95,carrefour,frescos
kiwi zespri 1 kg aprox,1 kg,4.95,4.95,Desconocida,frescos
tomate pera carrefour 1 kg aprox,1 kg,2.05,2.05,carrefour,frescos
pimiento verde italiano 1 kg aprox,1 kg,1.65,1.65,carrefour,frescos
pepino carrefour a granel 1 kg aprox,1 kg,1.79,1.79,carrefour,frescos
uva blanca sin pepitas carrefour bandeja de 500 g,500 g,2.59,5.18,carrefour,frescos
mandarina carrefour a granel 1 kg aprox,1 kg,1.99,1.99,carrefour,frescos
limon carrefour a granel 1kg aprox,1kg,2.89,2.89,carrefour,frescos
tomate rama 500 g aprox,500 g,1.02,2.04,Desconocida,frescos
patata lavada carrefour 1 kg aprox,1 kg,1.95,1.95,carrefour,frescos
aguacate carrefour 500 g aprox,500 g,2.59,5.18,carrefour,frescos
cebolla carrefour 1 kg,1 kg,2.4,2.4,carrefour,frescos
uva blanca granel 500 g aprox,500 g,1.49,2.98,marca nacional sin marca,frescos
queso fresco classic carrefour 500 g,500 g,2.05,4.1,carrefour,frescos
judia ancha carrefour 350 g,350 g,1.99,5.685714285714286,carrefour,frescos
manzana roja 15 kg aprox,15 kg,2.7,0.18000000000000002,carrefour,frescos
queso roquefort dop extra carrefour cuna 100 g,100 g,1.9,18.999999999999996,carrefour,frescos
jamon curado en lonchas navidul sin gluten y sin lactosa 45 g,45 g,0.99,22.0,navidul,frescos
traseros de pollo carrefour 1 kg aprox,1 kg,2.99,2.99,carrefour,frescos
ensalada baby leaf carrefour el mercado 70 g,70 g,0.99,14.14285714285714,carrefour,frescos
zumo de naranja recien exprimido carrefour 1 l,1 l,6.19,6.19,carrefour,frescos
croissant brioche 1 ud,1 ud,0.79,0.79,Desconocida,frescos
pan de chapata gourmet carrefour 380 g,380 g,1.45,3.81578947368421,carrefour,frescos
croissant de mantequilla carrefour 8 ud,8 ud,3.9,0.4875,carrefour,frescos
mandarina carrefour 1 kg,1 kg,1.85,1.85,carrefour,frescos
crema de queso original philadelphia 350 g,350 g,3.85,11.000000000000002,philadelphia,frescos
panecillo 51 integral carrefour 5 ud,5 ud,1.15,0.22999999999999998,carrefour,frescos
zumo de naranja recien exprimido carrefour 500 ml,500 ml,3.89,7.78,carrefour,frescos
pechuga de pavo en finas lonchas el pozo bienstar sin gluten y sin lactosa 65 g,65 g,1.0,15.384615384615383,el pozo,frescos
queso fundido en lonchas carrefour classic 555 g,555 g,2.35,4.234234234234234,carrefour,frescos
bollito recubierto de chocolate blanco rayado donettes 8 ud,8 ud,2.85,0.35625,donettes,frescos
rucula y canonigo carrefour el mercado 100 g,100 g,1.35,13.5,carrefour,frescos
bollo de petitas chocolate con leche weikis la bella easo 6 ud,6 ud,2.75,0.4583333333333333,la bella easo,frescos
uva bicolor carrefour bandeja de 500 g,500 g,2.99,5.98,carrefour,frescos
croissant frankfurt campofrio 1 ud,1 ud,1.05,1.05,Desconocida,frescos
bacon en cintas casa tarradellas sin gluten pack de 2 unidades de 100 g,pack de 2 unidades de 100 g,2.15,10.749999999999998,casa tarradellas,frescos
salchichas frankfurt campofrio sin gluten sin lactosa pack de 4 unidades de 140 g,pack de 4 unidades de 140 g,2.45,4.375,campofrio,frescos
jamon curado en medias lonchas el pozo 1954 sin gluten y sin lactosa 50 g,50 g,0.99,19.799999999999997,El Pozo,frescos
pechuguita de pollo asada al horno en lonchas la carlotena sin gluten 100 g,100 g,2.29,22.9,Desconocida,frescos
pechuga de pavo en finas lonchas carrefour el mercado sin gluten 200 g,200 g,2.19,10.95,carrefour,frescos
queso de vaca tierno 200 g,200 g,1.72,8.6,simpl,frescos
cebolla dulce carrefour 500 g,500 g,1.88,3.76,carrefour,frescos
pechuga de pavo cocida en lonchas campofrio finissimas sin gluten y sin lactosa 110 g,110 g,1.99,18.09090909090909,pavofrio,frescos
jamon cocido extra en lonchas 1954 elpozo sin gluten y sin lactosa 150 g,150 g,2.19,14.6,el pozo,frescos
mortadela en lonchas carrefour el mercado sin gluten 250 g,250 g,1.29,5.16,carrefour,frescos
manzana granny circulo de calidad 1 kg,1 kg,2.09,2.09,circulo de calidad,frescos
queso de untar light classic carrefour 300 g,300 g,1.45,4.833333333333333,carrefour,frescos
pan bocata sin aditivos carrefour 4 ud,4 ud,1.31,0.3275,carrefour,frescos
jamon cocido extra en lonchas campofrio finissimas sin gluten y sin lactosa 115 g,115 g,1.99,17.304347826086957,campofrio,frescos
manzana golden carrefour 15 kg aprox,15 kg,2.98,0.19866666666666666,carrefour,frescos
queso fresco classic carrefour 250 g,250 g,1.15,4.6,carrefour,frescos
pan burger brioche carrefour el mercado 260 g,260 g,2.99,11.5,carrefour,frescos
pimiento verde lamuyo  granel 1 kg aprox,1 kg,2.79,2.79,carrefour,frescos
queso fresco batido desnatado carrefour classic 500 g,500 g,1.1,2.2,carrefour,frescos
calabaza sepallo carrefour 2 kg aprox,2 kg,4.1,2.05,carrefour,frescos
mini fuet carrefour el mercado sin gluten 50 g,50 g,1.09,21.8,carrefour,frescos
serenitos con aceite de oliva seleccion gourmet 130 g,130 g,2.15,16.538461538461537,Desconocida,frescos
pechuga de pavo en lonchas carrefour el mercado sin gluten 2x200 g,2x200,3.99,0.019950000000000002,carrefour,frescos
panecillos tostados clasicos carrefour extra 300 g,300 g,1.13,3.7666666666666666,carrefour,frescos
patata para guarnicion carrefour el mercado 1 kg,1 kg,2.49,2.49,carrefour,frescos
lubina 600 g aprox,600 g,5.85,9.75,carrefour,frescos
pan burguer chapatta cristalina 2 ud,2 ud,1.47,0.735,carrefour,frescos
ajo ecologico carrefour bio 3 uds,3 uds,2.29,0.7633333333333333,carrefour bio,frescos
tortas de aceite ines rosales 180 g,180 g,2.09,11.61111111111111,ines rosales,frescos
langostino cocido 2030 ud 1 kg aprox,1 kg,13.89,13.89,Desconocida,frescos
naranjas carrefour el mercado bolsa de 5 kg,5 kg,8.75,1.75,carrefour,frescos
hamburguesa de pollo congelada simons food 3x80g,3x80,1.29,0.016125,Desconocida,frescos
naranjas de mesa carrefour el mercado 3 kg,3 kg,5.97,1.99,carrefour,frescos
pechuga de pavo natural asada al corte frial 150 g aprox,150 g,3.19,21.266666666666666,Natura,frescos
mortadela con aceitunas en lonchas carrefour el mercado sin gluten 250 g,250 g,1.29,5.16,carrefour,frescos
pera limonera circulo de calida a granel 1 kg aprox,1 kg,2.59,2.59,circulo de calidad,frescos
panettone de chocolate carrefour el mercado 900 g,900 g,6.95,7.722222222222222,carrefour,frescos
fuet espetec carrefour classic sin gluten 2x170 g,2x170,3.75,0.022058823529411766,carrefour,frescos
longaniza blanca carrefour el mercado 500 g aprox,500 g,2.99,5.98,carrefour,frescos
corazon de cogollos circulo de calidad x 6 ud,x 6 ud,2.15,0.35833333333333334,circulo de calidad,frescos
galleta cookie doble chocolate 1 ud,1 ud,1.05,1.05,Desconocida,frescos
lomo de cerdo adobado extra en filetes carrefour 500 g aprox,500 g,3.52,7.04,carrefour,frescos
jamon cocido extra en finas lonchas bienstar elpozo sin gluten y sin lactosa 65 g,65 g,1.0,15.384615384615383,el pozo,frescos
ensalada completa cesar con pollo y queso florette 205 g,205 g,3.09,15.073170731707318,florette,frescos
queso havarti light en lonchas carrefour 200 g,200 g,2.19,10.95,carrefour,frescos
salchichon extra revilla sin gluten 65 g,65 g,0.99,15.23076923076923,revilla,frescos
chorizo pamplona en lonchas revilla sin gluten 65 g,65 g,0.99,15.23076923076923,revilla,frescos
ensalada completa de pasta y rucula florette 320 g,320 g,3.19,9.96875,florette,frescos
jamon curado en taquitos carrefour el mercado sin gluten y sin latosa pack 2 unidades de 100 g,pack 2 unidades de 100 g,2.95,1.475,carrefour,frescos
jamon cocido extra en lonchas 1954 premium gourmet elpozo sin gluten y sin lactosa 130 g,130 g,2.99,23.0,marca nacional sin marca,frescos
queso mozzarella italiana galbani 125 g,125 g,2.19,17.52,galbani,frescos
pimiento padron carrefour el mercado 200 g,200 g,0.99,4.949999999999999,carrefour,frescos
filete de cabeza de lomo de cerdo carrefour 500 g aprox,500 g,3.32,6.64,carrefour,frescos
salami extra en lonchas revilla sin gluten 65 g,65 g,0.99,15.23076923076923,revilla,frescos
jamon cocido extra en lonchas delizias noel sin gluten y sin lactosa 120 g,120 g,2.45,20.416666666666668,noel,frescos
ensalada vital carrefour el mercado 150 g,150 g,0.99,6.6000000000000005,carrefour,frescos
pechuga de pollo fileteada carrefour 500 g aprox,500 g,3.74,7.48,carrefour,frescos
napolitana chocolate 1 ud,1 ud,0.89,0.89,Desconocida,frescos
queso cheddar en lonchas carrefour 200 g,200 g,1.99,9.95,carrefour,frescos
jamon de cebo iberico 50 raza iberica en lonchas sanchez alcaraz sin gluten y sin lactosa 200 g,200 g,14.29,71.44999999999999,marca nacional sin marca,frescos
queso fresco batido desnatado proteina plus sensation carrefour 500 g,500 g,1.4,2.8,carrefour,frescos
tomate rosa carrefour 500 g aprox,500 g,1.72,3.44,carrefour,frescos
pera blanquilla circulo de calidad 1 kg aprox,1 kg,2.99,2.99,circulo de calidad,frescos
panettone de frutas clasico carrefour el mercado 900 g,900 g,6.95,7.722222222222222,carrefour,frescos
panecillo 100 integral 6 ud,6 ud,1.05,0.17500000000000002,Desconocida,frescos
chorizo extra picante carrefour sin gluten 280 g,280 g,2.65,9.464285714285714,carrefour,frescos
mortadela clasica en lonchas campofrio sin gluten 95 g,95 g,0.99,10.421052631578947,cuidat,frescos
jamon de cerdo troceado carrefour 600 g aprox,600 g,3.37,5.616666666666667,carrefour,frescos
queso de cabra rulo carrefour 180 g,180 g,2.09,11.61111111111111,carrefour,frescos
bizcocho rondo de yogur carrefour el mercado 700 g,700 g,3.35,4.7857142857142865,carrefour,frescos
queso en polvo especial pasta carrefour sin gluten 150 g,150 g,1.3,8.666666666666668,carrefour,frescos
tomate kumato 1 kg,1 kg,2.5,2.5,Desconocida,frescos
medio flautin con cereales carrefour 1 ud,1 ud,0.43,0.43,Desconocida,frescos
fuet espetec carrefour el mercado sin gluten 210 g,210 g,2.59,12.333333333333334,carrefour,frescos
jamon cocido extra en lonchas campofrio finissimas sin gluten y sin lactosa 170 g,170 g,3.19,18.76470588235294,campofrio,frescos
jamon curado en lonchas 1954 elpozo sin gluten y sin lactosa 80 g,80 g,1.49,18.625,el pozo,frescos
pechuga de pavo en lonchas noel delizias sin gluten y sin lactosa 110 g,110 g,2.59,23.545454545454543,noel,frescos
queso en loncha tierno light en lonchas carrefour 200 g,200 g,1.74,8.7,carrefour,frescos
sandwich atun carrefour 140 g,140 g,1.38,9.857142857142856,bon appetit,frescos
patata baby al vapor para microondas el mercado carrefour bolsa de 400 g,400 g,1.19,2.9749999999999996,carrefour,frescos
queso fundido en porciones carrefour kids 400 g,400 g,2.29,5.725,carrefour,frescos
bacon ahumado natural en lonchas oscar mayer sin gluten 150 g,150 g,2.55,17.0,oscar mayer,frescos
jamon cocido extra en finas lonchas carrefour el mercado sin gluten 200 g,200 g,2.15,10.749999999999998,carrefour,frescos
arreglo para cocido carrefour 12 kg aprox,12 kg,2.52,0.21,carrefour,frescos
ensalada mezclum carrefour el mercado 200 g,200 g,1.4,6.999999999999999,carrefour,frescos
fiambre de york sandwich en lonchas carrefour el mercado sin gluten 300 g,300 g,1.89,6.3,carrefour,frescos
sardinas 1 kg aprox,1 kg,4.99,4.99,Desconocida,frescos
pechuga de pavo braseada en lonchas campofrio finissimas sin gluten y sin lactosa 110 g,110 g,1.99,18.09090909090909,campofrio,frescos
jengibre ecologico 200 g,200 g,1.69,8.45,Desconocida,frescos
ensaladilla rusa 300 g,300 g,2.15,7.166666666666667,carrefour,frescos
pan ciabatta 100 integral cristalino 2 uds de 95 g,95 g,1.65,17.36842105263158,Desconocida,frescos
queso de mezcla semicurado carrefour 330 g,330 g,3.35,10.15151515151515,carrefour,frescos
fuet casero pieza elpozo sin gluten 150 g,150 g,2.95,19.666666666666668,el pozo,frescos
mandarina con hoja carrefour granel 1 kg aprox,1 kg,2.55,2.55,carrefour,frescos
queso emmental taco carrefour 250 g,250 g,2.15,8.6,carrefour,frescos
mini cuerno carrefour 6 ud,6 ud,1.67,0.2783333333333333,carrefour,frescos
pechuga de pavo cocida en lonchas campofrio finissimas sin gluten y sin lactosa 165 g,165 g,3.19,19.333333333333332,campofrio,frescos
cebollino manojo de 175 g,175 g,1.85,10.571428571428573,Desconocida,frescos
melon piel de sapo carrefour 3 kg aprox,3 kg,4.17,1.39,carrefour,frescos
queso rallado cuatro quesos carrefour 200 g,200 g,2.05,10.249999999999998,carrefour,frescos
tomate ensalada 1 kg aprox,1 kg,1.79,1.79,Desconocida,frescos
queso gouda tierno en lonchas carrefour classic 300 g,300 g,2.55,8.5,carrefour,frescos
queso mozzarella italiana carrefour 125 g,125 g,0.97,7.76,carrefour,frescos
berlina glace donuts 4 ud,4 ud,2.85,0.7125,donuts,frescos
panecillo gran reserva carrefour 1 ud,1 ud,0.34,0.34,carrefour,frescos
pan pannier plus mediana 300 g,300 g,1.25,4.166666666666667,carrefour,frescos
brocoli carrefour 500 g,500 g,1.15,2.3,carrefour,frescos
zanahoria circulo de calidad carrefour 500 g,500 g,0.89,1.78,circulo de calidad,frescos
aguacate hass 1 kg aprox,1 kg,5.19,5.19,carrefour,frescos
borek de queso 100 g,100 g,1.05,10.5,Desconocida,frescos
berenjena carrefour a granel 1 kg aprox,1 kg,1.49,1.49,carrefour,frescos
queso edam en lonchas carrefour classic 300 g,300 g,2.39,7.966666666666668,carrefour,frescos
patata lavada para todo uso carrefour el mercado 3 kg,3 kg,5.09,1.6966666666666665,carrefour,frescos
trozo de lomo de cerdo carrefour 1 kg aprox,1 kg,4.59,4.59,carrefour,frescos
manzana royal gala circulo de calidad 1 kg aprox,1 kg,2.19,2.19,circulo de calidad,frescos
pan de leche carrefour classic 350 g,350 g,1.36,3.885714285714286,carrefour,frescos
kiwi gold 500 g aprox,500 g,3.19,6.38,Desconocida,frescos
jamon curado en lonchas 1954 elpozo sin gluten y sin lactosa 225 g,225 g,4.65,20.666666666666668,el pozo,frescos
cebolleta blanca manojo de 3 4  piezas,4  piezas,0.99,0.2475,Desconocida,frescos
bacon en lonchas carrefour el mercado sin gluten 200 g,200 g,2.19,10.95,carrefour,frescos
queso de untar clasico carrefour classic 300 g,300 g,1.45,4.833333333333333,carrefour,frescos
puerro manojo de 3 4  piezas,4  piezas,2.25,0.5625,carrefour,frescos
aguacate maduro carrefour seleccion 2 ud,2 ud,4.99,2.495,carrefour seleccion,frescos
burgermeat original de vacuno carrefour el mercado 2x180 g,2x180,4.79,0.02661111111111111,el mercado,frescos
pan de la abuela integral 100,1 paquete,1.61,1.61,carrefour,frescos
jamon cocido extra sin fosfatos bonnatur argal al corte 150 g aprox,150 g,2.32,15.466666666666667,Desconocida,frescos
pina natural en rodajas carrefour el mercado vaso de 450 g,450 g,2.7,6.0,carrefour,frescos
jamon cocido extra en lonchas el pozo sin gluten y sin lactosa 225 g,225 g,2.95,13.11111111111111,el pozo,frescos
longaniza de payes en lonchas carrefour sin gluten 100 g,100 g,1.69,16.9,carrefour,frescos
paleta de cebo iberica 50  raza iberica en lonchas sanchez alcaraz sin gluten y sin lactosa 200 g,200 g,14.29,71.44999999999999,marca nacional sin marca,frescos
magdalenas redondas la bella easo 16 ud,16 ud,3.15,0.196875,la bella easo,frescos
jamon serrano gran reserva en lonchas carrefour el mercado sin gluten y sin lactosa 90 g,90 g,2.35,26.111111111111114,el mercado,frescos
solomillo de cerdo carrefour 12 kg aprox,12 kg,9.47,0.7891666666666667,carrefour,frescos
remolacha cocida pelada carrefour el mercado 500 g,500 g,1.0,2.0,carrefour,frescos
escalopines de lomo de cerdo fresco marinado elpozo extratiernos 600 g,600 g,5.59,9.316666666666666,marca nacional sin marca,frescos
croissant beurre charentes poitou 80 g ,80 g,0.72,9.0,carrefour,frescos
queso fundido en porciones la vaca que rie sin gluten 375 g,375 g,4.09,10.906666666666666,la vaca que rie,frescos
contras de pollo con piel carrefour 800 g aprox,800 g,3.03,3.7874999999999996,carrefour,frescos
ensalada gourmet carrefour el mercado 320 g,320 g,1.75,5.46875,carrefour,frescos
queso en lonchas semicurado carrefour 200 g,200 g,2.45,12.25,carrefour,frescos
empanadilla argentina 125 g,125 g,1.09,8.72,Desconocida,frescos
sandwich cangrejo carrefour 140 g,140 g,1.38,9.857142857142856,bon appetit,frescos
kiwi verde carrefour 750 g,750 g,3.19,4.253333333333333,carrefour,frescos
queso rallado parmesano carrefour extra 100 g,100 g,3.15,31.499999999999996,carrefour,frescos
ensalada gourmet carrefour el mercado 200 g,200 g,1.15,5.749999999999999,carrefour,frescos
cilantro cortado carrefour 20 g,20 g,1.25,62.5,carrefour,frescos
pechuga de pavo en lonchas el pozo sin gluten 225 g,225 g,2.95,13.11111111111111,el pozo,frescos
lasana bolonesa carrefour el mercado 350 g,350 g,2.59,7.4,carrefour,frescos
salchichas classic wieners oscar mayer sin gluten 200 g,200 g,1.46,7.3,oscar mayer,frescos
tomate monterosa 1 kg aprox,1 kg,3.75,3.75,Desconocida,frescos
queso de mezcla curado carrefour classic cuna cortada de 250 g,250 g,3.75,15.0,carrefour,frescos
queso rallado mix simpl 200 g,200 g,1.35,6.75,simpl,frescos
pechuga de pollo al horno en tiras carrefour sin gluten 140 g,140 g,2.25,16.07142857142857,carrefour,frescos
zumo de naranja recien exprimido carrefour 250 ml,250 ml,1.99,7.96,carrefour,frescos
mini berlinas de azucar carrefour 5 ud,5 ud,1.29,0.258,Desconocida,frescos
chopped pork en lonchas campofrio sin gluten 95 g,95 g,0.99,10.421052631578947,cuidat,frescos
chorizo casero extra sarta palacios 250 g,250 g,4.15,16.6,palacios,frescos
pera ercolina circulo de calidad a granel 1 kg aprox,1 kg,3.6,3.6,circulo de calidad,frescos
queso emmental en lonchas carrefour classic 200 g,200 g,2.25,11.25,carrefour,frescos
queso grana padano dop carrefour 200 g,200 g,3.35,16.75,carrefour,frescos
paleta gran reserva en lonchas carrefour el mercado 90 g,90 g,3.85,42.77777777777778,el mercado,frescos
baguettina congelada sin gluten 1 ud,1 ud,1.14,1.14,marca nacional sin marca,frescos
queso gouda en lonchas light carrefour classic 200 g,200 g,1.8,9.0,carrefour,frescos
puerro circulo de calidad 500 g,500 g,2.4,4.8,circulo de calidad,frescos
chuleta de aguja de cerdo carrefour 1 kg aprox,1 kg,5.49,5.49,carrefour,frescos
queso tierno en porciones mini babybel 120 g,120 g,3.25,27.083333333333336,babybel,frescos
galleta cookie triple chocolate 1 ud,1 ud,1.05,1.05,Desconocida,frescos
guacamole carrefour 500 g,500 g,3.95,7.9,carrefour,frescos
queso fresco desnatado con fresa sin azucar anadido proteinas plus carrefour sensation sin gluten pack de 4 unidades e 100 g,pack de 4 unidades,1.25,0.3125,carrefour,frescos
zanahoria ecologica carrefour bio 500 g aprox,500 g,1.54,3.08,carrefour bio,frescos
queso rallado en polvo el caserio 80 g,80 g,1.64,20.5,el caserio,frescos
pina del monte zero pieza 2 kg aprox,2 kg,4.98,2.49,Desconocida,frescos
hongo portobello carrefour 300 g aprox,300 g,2.16,7.200000000000001,carrefour,frescos
solomillo de pavo 750 g aprox,750 g,5.89,7.853333333333333,carrefour,frescos
salchichas cocidas wieners bocadillo oscar mayer sin gluten sin lactosa 275 g,275 g,1.85,6.727272727272727,oscar mayer,frescos
barra de pan gourmet hecho aqui carrefour 250 g,250 g,0.89,3.56,carrefour,frescos
mini berlinas bombon carrefour 5 ud,5 ud,1.6,0.32,Desconocida,frescos
jamon de cebo iberico 50 raza iberica en lonchas carrefour el mercado 90 g,90 g,5.29,58.77777777777778,el mercado,frescos
pan de hamburguesa carrefour 4 ud 300 g,300 g,2.15,7.166666666666667,carrefour,frescos
jamon cocido extra en lonchas carrefour el mercado 250 g,250 g,2.55,10.2,carrefour,frescos
cocktail de picos carrefour el mercado 500 g,500 g,2.69,5.38,carrefour,frescos
rabanito bolsa carrefour 250 g,250 g,0.99,3.96,carrefour,frescos
queso fresco carrefour classic 250 g,250 g,1.15,4.6,carrefour,frescos
ensalada del huerto carrefour bon appetit 400 g,400 g,2.15,5.374999999999999,carrefour,frescos
jamon cocido extra en lonchas carrefour el mercado 180 g,180 g,2.75,15.277777777777779,carrefour,frescos
chopped en lonchas carrefour el mercado sin gluten 250 g,250 g,1.49,5.96,carrefour,frescos
acelga cortada carrefour el mercado 300 g,300 g,1.19,3.966666666666667,carrefour,frescos
sandwich integral pavo ensalada bon appetit carrefour 130 g,130 g,1.38,10.615384615384615,bon appetit,frescos
pechuga de pavo braseado en lonchas campofrio finissimas sin gluten y sin lactosa 165 g,165 g,3.19,19.333333333333332,campofrio,frescos
pate de higado de cerdo classic carrefour pack de 4 unidades de 78 g,pack de 4 unidades de 78 g,1.76,5.641025641025641,carrefour,frescos
queso camembert cremoso carrefour 250 g,250 g,2.09,8.36,carrefour,frescos
queso fresco cottage protein arla 200 g,200 g,2.39,11.95,arla,frescos
finas del mar natural carrefour simply 250 g,250 g,1.99,7.96,carrefour,frescos
platano de freir a granel 1 kg aprox,1 kg,2.59,2.59,Desconocida,frescos
barra de pan carefour 250 g,250 g,0.49,1.96,carrefour,frescos
salchichas cocidas estilo viena wieners con queso oscar mayer sin gluten 200 g,200 g,1.46,7.3,oscar mayer,frescos
crema de queso light philadelphia 350 g,350 g,3.85,11.000000000000002,philadelphia,frescos
pechuga de pavo en lonchas elpozo las  finas sin gluten 115 g,115 g,1.5,13.043478260869565,marca nacional sin marca,frescos
secreto de cerdo carrefour 750 g aprox,750 g,3.02,4.026666666666666,carrefour,frescos
queso tierno barra larsa al corte 150 g aprox,150 g,1.87,12.466666666666669,larsa,frescos
pechuga de pavo fileteada carrefour 600 g aprox,600 g,5.07,8.450000000000001,carrefour,frescos
preparado de carne burguer meat vacuno y cerdo carrefour el mercado 500 g,500 g,4.19,8.38,carrefour,frescos
queso gouda loncheado carrefour 150 g,150 g,2.05,13.666666666666666,carrefour,frescos
burguer cruchy carrefour el mercado pack de 2 unidades de 120 g,pack de 2 unidades de 120 g,1.85,7.708333333333334,el mercado,frescos
salchichon iberico extra en lonchas carrefour sin gluten 100 g,100 g,1.59,15.9,carrefour,frescos
pechuga de pavo en finas lonchas carrefour el mercado sin gluten 2x200 g,2x200,3.99,0.019950000000000002,carrefour,frescos
seta ostra cultivada circulo de calidad 300 g aprox,300 g,2.46,8.200000000000001,circulo de calidad,frescos
berlina lotus 1 ud,1 ud,1.29,1.29,Desconocida,frescos
jamoncitos de pollo carrefour 850 g aprox,850 g,3.05,3.5882352941176467,carrefour,frescos
queso de vaca tierno provolone con oregano carrefour extra pieza de 150 g,150 g,2.05,13.666666666666666,carrefour,frescos
cebolla dulce carrefour el mercado 1 kg,1 kg,2.39,2.39,circulo de calidad,frescos
fiambre de pechuga de pavo braseada en lonchas campofrio sin gluten y sin lactosa 70 g,70 g,0.99,14.14285714285714,campofrio,frescos
alas de pollo adobadas partidas carrefour 550 g aprox,550 g,2.67,4.854545454545454,carrefour,frescos
pechugas de pavo marinadas al pimenton carrefour 500 g aprox,500 g,4.49,8.98,carrefour,frescos
queso feta carrefour extra 200 g,200 g,3.55,17.749999999999996,carrefour,frescos
hamburguesa de cerdo carrefour el mercado 6x90 g,6x90,2.79,0.031,carrefour,frescos
pechuga de pollo corte extrafino 320 g,320 g,5.09,15.90625,carrefour,frescos
arreglo de puchero completo carrefour el mercado 900 g aprox,900 g,5.85,6.499999999999999,carrefour,frescos
hamburguesa mixta de cerdo y vacuno carrefour el mercado 6x90 g,6x90,4.29,0.04766666666666667,carrefour,frescos
salchichas cocidas jumbo classic oscar mayer sin gluten sin lactosa 350 g,350 g,2.69,7.685714285714286,oscar mayer,frescos
brioche trenzado 400 g,400 g,3.79,9.475,carrefour,frescos
salchichon extra nobleza el pozo sin gluten 70 g,70 g,1.0,14.285714285714285,el pozo,frescos
hamburguesa de pollo carrefour 540 g,540 g,3.89,7.203703703703703,carrefour,frescos
queso en dados para ensaladas extra carrefour 200 g,200 g,2.19,10.95,carrefour,frescos
jamon cocido extra ahumado a la lena en lonchas carrefour el mercado 180 g,180 g,2.75,15.277777777777779,carrefour,frescos
tomate cherry rama sharmita premium 200 g,200 g,2.59,12.95,Desconocida,frescos
queso fresco original burgo de arias sin gluten pack de 3 unidades de 72 g,pack de 3 unidades de 72 g,3.29,15.231481481481481,burgo de arias,frescos
paella mixta 350 g,350 g,2.94,8.4,carrefour,frescos
aguacate ecologico carrefour 420 g,420 g,3.75,8.928571428571429,carrefour eco,frescos
calabacin ecologico carrefour bio 500 g,500 g,1.55,3.1,carrefour bio,frescos
judia fina flow pack  250 g,250 g,1.79,7.16,Desconocida,frescos
brocoli carrefour el mercado 230 g,230 g,1.42,6.17391304347826,carrefour,frescos
queso rallado emmental carrefour sin lactosa 150 g,150 g,1.8,12.0,carrefour,frescos
caqui carrefour 1kg aprox,1kg,3.49,3.49,carrefour,frescos
hueso de vacuno carrefour el mercado 250 g aprox,250 g,3.1,12.4,el mercado,frescos
jamon cocido extra en finas lonchas casa tarradellas sin gluten y sin lactosa 150 g,150 g,2.15,14.333333333333334,casa tarradellas,frescos
manzana pink lady ecologica bandeja 4 ud 600 g,600 g,3.89,6.483333333333333,marca nacional sin marca,frescos
pechuga de pollo al natural en tiras carrefour sin gluten 140 g,140 g,2.25,16.07142857142857,carrefour,frescos
arandano extra en tarrina 150 g,150 g,2.85,19.0,marca nacional sin marca,frescos
queso fundido light porciones 16 ud carrefour 250 g,250 g,1.65,6.6,carrefour,frescos
crema de queso original philadelphia 250 g,250 g,2.55,10.2,philadelphia,frescos
queso gouda en lonchas ecologico carrefour bio 200 g,200 g,2.55,12.749999999999998,carrefour,frescos
queso fundido en lonchas burguer carrefour 300 g,300 g,1.9,6.333333333333333,carrefour,frescos
repollo liso nacional  15 kg,15 kg,2.25,0.15,Desconocida,frescos
pollo asado al horno relleno en lonchas la carlotena sin gluten 150 g,150 g,2.65,17.666666666666668,Desconocida,frescos
empanada rectangular de atun 700 g,700 g,5.75,8.214285714285715,carrefour,frescos
pechuga de pavo cocida naturarte campofrio 150 g aprox,150 g,3.13,20.866666666666667,naturarte,frescos
longaniza blanca fresca carrefour el mercado 650 g,650 g,3.56,5.476923076923077,el mercado,frescos
mini taquitos de jamon curado sanchez alcaraz sin gluten y sin lactosa 2x40 g,2x40,1.05,0.026250000000000002,Desconocida,frescos
chorizo extra en taquitos carrefour sin gluten 2x50 g,2x50,1.55,0.031,carrefour,frescos
pechuga de pavo braseado en finas lonchas carrefour el mercado sin gluten 200 g,200 g,1.99,9.95,carrefour,frescos
queso de oveja curado en cuna carrefour classic 250 g,250 g,3.99,15.96,carrefour,frescos
jamon cocido extra en finas lochas casa tarradellas sin gluten y sin lactosa 125 g,125 g,2.35,18.8,casa tarradellas,frescos
patata roja carrefour el mercado 2 kg,2 kg,3.85,1.925,carrefour,frescos
palitos de zanahoria carrefour el mercado vaso 165 g,165 g,1.79,10.848484848484848,carrefour,frescos
patas de pulpo cocido carrefour el mercado 270 g,270 g,12.95,47.962962962962955,el mercado,frescos
pollo relleno al corte la carlotena 150 g aprox,150 g,2.36,15.733333333333333,Desconocida,frescos
queso de mezcla semicurado ya cortado carrefour classic cuna de 250 g,250 g,3.55,14.2,carrefour,frescos
jamon cocido extra en finas lonchas carrefour el mercado sin gluten 225 g,225 g,2.15,9.555555555555555,carrefour,frescos
queso semicurado ya cortado garcia baquero cuna 225 g,225 g,4.55,20.22222222222222,garcia baquero,frescos
pechuga de pavo en lonchas extrafinas carrefour el mercado sin gluten 100 g,100 g,2.89,28.9,carrefour,frescos
paleta curada en lonchas carrefour el mercado sin gluten y sin lactosa 90 g,90 g,2.35,26.111111111111114,el mercado,frescos
calabacin simply 15 kg,15 kg,3.15,0.21,simpl,frescos
pechuga de pollo en lonchas extrafinas carrefour el mercado sin gluten 100 g,100 g,2.99,29.900000000000002,carrefour,frescos
ensalada completa gourmet con nueces y queso de cabra florette 180 g,180 g,3.49,19.38888888888889,florette,frescos
compango asturiano el chico 250 g,250 g,2.65,10.6,nacional sin marca,frescos
lomo curado en lonchas extrafinas carrefour el mercado sin gluten 100 g,100 g,3.25,32.5,carrefour,frescos
queso fresco tradicional carrefour 250 g,250 g,1.7,6.8,carrefour,frescos
mini redondos de chocolate carrefour 160 g,160 g,1.79,11.1875,carrefour,frescos
remolacha entera cocida ecologica carrefour bio 500 g,500 g,1.29,2.58,carrefour bio,frescos
queso havarti en lonchas arla 150 g,150 g,3.59,23.933333333333334,arla,frescos
queso de mezcla tierno carrefour classic cuna cortada de 250 g,250 g,3.05,12.2,carrefour,frescos
chorizo extra en lonchas carrefour el mercado sin gluten y sin lactosa 2x120 g,2x120,2.15,0.017916666666666668,carrefour,frescos
queso tierno en porciones mini babybel 320 g,320 g,7.25,22.65625,babybel,frescos
crema de queso camembert president 125 g,125 g,2.05,16.4,president,frescos
patata ecologica carrefour bio 2 kg,2 kg,4.69,2.345,carrefour bio,frescos
apio 200 g,200 g,1.0,5.0,Desconocida,frescos
apio verde manojo de 750 g,750 g,1.45,1.9333333333333333,Desconocida,frescos
panecillo de centeno 51 6 ud,6 ud,1.55,0.25833333333333336,Desconocida,frescos
pechuga de pavo en lonchas campofrio 170 g aprox,170 g,2.42,14.235294117647058,campofrio,frescos
chorizo oreado carrefour el mercado 320 g aprox,320 g,2.24,7.000000000000001,carrefour,frescos
la autentica la gula del norte pack de 2 unidades de 100 g,pack de 2 unidades de 100 g,5.99,29.95,marca nacional sin marca,frescos
palmeron de hojaldre de chocolate xxl carrefour 400 g,400 g,1.99,4.975,carrefour,frescos
jamon de cebo iberico 50 raza iberica en lonchas carrefour 100 g,100 g,6.29,62.9,carrefour,frescos
ensalada variada carrefour el mercado 320 g,320 g,1.59,4.96875,carrefour,frescos
berlinas de azucar carrefour 4 ud,4 ud,1.35,0.3375,carrefour,frescos
tomate rama ecologico carrefour bio 500 g,500 g,2.25,4.5,carrefour bio,frescos
salmon ahumado noruego carrefour extra 200 g,200 g,7.15,35.75,carrefour,frescos
pina premadurada 18 kg aprox,18 kg,3.58,0.1988888888888889,Desconocida,frescos
sandwich tortilla mixto carrefour 140 g,140 g,2.15,15.357142857142856,bon appetit,frescos
jamon curado reserva en lonchas ibersierra sin gluten y sin lactosa 180 g,180 g,5.19,28.833333333333336,ibersierra,frescos
maiz dulce cocido carrefour el mercado 500 g,500 g,1.65,3.3,carrefour,frescos
pate de higado de cerdo classic carrefour 200 g,200 g,1.07,5.35,carrefour,frescos
cake marble carrefour el mercado 550 g,550 g,3.75,6.8181818181818175,carrefour,frescos
hamburguesa de vacuno raza angus carrefour selection 300 g,300 g,4.96,16.533333333333335,carrefour,frescos
picada de pollo carrefour 400 g,400 g,2.84,7.1,carrefour,frescos
ensalada xtreme pollo crispy florette 210 g,210 g,3.85,18.333333333333336,Desconocida,frescos
chuletas de pavo marinadas al ajillo carrefour 450 g aprox,450 g,3.04,6.7555555555555555,carrefour,frescos
jamon cocido extra braseado en lonchas campofrio finissimas sin gluten y sin lactosa 115 g,115 g,1.99,17.304347826086957,campofrio,frescos
kaki sharoni 1 kg aprox,1 kg,4.65,4.65,Desconocida,frescos
ensalada completa cesar american style florette 200 g,200 g,3.45,17.25,florette,frescos
chorizo iberico extra en lonchas carrefour sin gluten 80 g,80 g,1.59,19.875,carrefour,frescos
pan payes 5 cereales con semillas de calabaza rebanado 490 g,490 g,2.65,5.408163265306122,carrefour,frescos
lacon al horno en lascas en lonchas carrefour el mercado sin gluten y sin lactosa 250 g,250 g,3.59,14.36,carrefour,frescos
queso fresco 0 grasa classic carrefour 500 g,500 g,2.05,4.1,carrefour,frescos
jamon cocido extra loncheado ricura el pozo sin gluten 300 g,300 g,3.05,10.166666666666666,El Pozo,frescos
regana el antequerano 150 g,150 g,1.99,13.266666666666667,Desconocida,frescos
queso de mezcla curado carrefour classic cuna de 340 g,340 g,3.95,11.617647058823529,carrefour,frescos
queso brie punta president 200 g,200 g,3.95,19.75,president,frescos
zanahoria  manojo de 750 g,750 g,2.25,3.0,Desconocida,frescos
barra de pan rustica multicereales rebanada 400 g,400 g,2.25,5.625,carrefour,frescos
champinon pie cortado carrefour 600 g aprox,600 g,3.42,5.7,carrefour,frescos
pan superburguer brioche 330 g,330 g,2.65,8.03030303030303,carrefour,frescos
pechuga de pavo reducido en sal 0 grasa elpozo al corte 180 g aprox,180 g,2.62,14.555555555555557,el pozo,frescos
patas de pulpo cocido carrefour el mercado 250 g,250 g,9.45,37.8,carrefour,frescos
croissant clasico carrefour el mercado 4 ud,4 ud,3.95,0.9875,carrefour,frescos
pan de leche 280 g,280 g,2.59,9.249999999999998,Desconocida,frescos
cana de lomo en lonchas navidul sin gluten y sin lactosa 40 g,40 g,1.2,30.0,navidul,frescos
jamon serrano bodega en lonchas carrefour el mercado 500 g aprox,500 g,7.95,15.9,carrefour,frescos
ciruela rose circulo de calidad 1kg aprox,1kg,4.49,4.49,circulo de calidad,frescos
filetes de pechuga marinada de pollo carrefour 450 g aprox,450 g,3.46,7.688888888888888,carrefour,frescos
mortadela de pavo en finas lonchas carrefour el mercado sin gluten 200 g,200 g,1.65,8.249999999999998,carrefour,frescos
pan de leche con pepitas de chocolate 280 g,280 g,2.75,9.821428571428571,Desconocida,frescos
centro de jamon dop teruel de nuestra tierra al corte 150 g aprox,150 g,5.23,34.866666666666674,de nuestra tierra,frescos
chopped de lata en lonchas finas carrefour el mercado 150 g,150 g,1.89,12.6,carrefour,frescos
sandwich de atun con huevo y lechuga carrefour 200 g,200 g,3.25,16.25,bon appetit,frescos
bacaladilla 600 g aprox,600 g,4.19,6.983333333333334,Desconocida,frescos
queso de oveja viejo en cuna carrefour classic 250 g ,250 g,4.35,17.4,carrefour,frescos
picada de ajo y perejil fruits sp 100 g,100 g,1.39,13.899999999999999,Desconocida,frescos
queso cabra lonchas garcia baquero 125 g,125 g,3.49,27.92,garcia baquero,frescos
queso gouda carrefour 400 g,400 g,3.39,8.475,carrefour,frescos
langostino cocido 3040 ud 500 g aprox,500 g,4.74,9.48,Desconocida,frescos
bacon sabor ahumado en lonchas oscar mayer sin gluten y sin lactosa 100 g,100 g,1.5,15.0,Sabor,frescos
pan rebanado hogaza 500 g,500 g,1.88,3.76,carrefour,frescos
pera conferencia carrefour 15 kg aprox,15 kg,3.43,0.22866666666666668,carrefour,frescos
chorizo nobleza en lonchas elpozo sin gluten 65 g,65 g,1.0,15.384615384615383,el pozo,frescos
pepino ecologico carrefour bio 700 g,700 g,2.85,4.071428571428572,carrefour bio,frescos
fuet imperial clasico el pozo sin gluten 250 g,250 g,2.99,11.96,el pozo,frescos
chirimoya nacional simpl 300 g,300 g,1.09,3.6333333333333337,simpl,frescos
tomate natural rallado con aceite de oliva virgen surinver 230 g,230 g,1.39,6.0434782608695645,Natura,frescos
lacon cocido al horno en lonchas carrefour el mercado sin gluten y sin lactosa 200 g,200 g,2.29,11.45,carrefour,frescos
panceta de cerdo en filetes carrefour el mercado 1 kg aprox,1 kg,6.39,6.39,carrefour,frescos
manzana royal gala ecologica bandeja 750 g,750 g,2.99,3.986666666666667,carrefour bio,frescos
picos gourmet carrefour 130 g,130 g,1.59,12.230769230769232,carrefour,frescos
patata princesa amandine 15 kg,15 kg,3.25,0.21666666666666667,Desconocida,frescos
salmon ahumado ecologico carrefour bio 85 g,85 g,4.49,52.8235294117647,carrefour bio,frescos
centro jamon serrano reserva carrefour al corte 150 g aprox,150 g,3.9,26.0,carrefour,frescos
salmon noruego ahumado reducido en sal carrefour extra 100 g ,100 g,4.45,44.5,carrefour,frescos
queso fresco de vaca carrefour classic 250 g,250 g,1.84,7.36,carrefour,frescos
mollete mediano de nuestra tierra 4 ud,4 ud,1.68,0.42,de nuestra tierra,frescos
queso fresco de burgos carrefour 220 g aprox,220 g,2.06,9.363636363636363,carrefour,frescos
pan molde alto contenido en proteinas 450 g,450 g,3.49,7.7555555555555555,carrefour,frescos
preparado de marisco para paella congelado carrefour 400 g,400 g,2.39,5.975,carrefour,frescos
jamoncitos de pollo congelado 1 kg,1 kg,3.3,3.3,Desconocida,frescos
queso mascarpone classic carrefour 250 g,250 g,2.75,11.0,carrefour,frescos
berlinas bombon carrefour 4 ud,4 ud,1.56,0.39,carrefour,frescos
pan con pasas y nueces 1 ud,1 ud,2.95,2.95,Desconocida,frescos
cebolleta roja manojo  de 500 g,500 g,1.85,3.7,Desconocida,frescos
mini redondos de chocolate carrefour 155 g,155 g,1.79,11.548387096774194,carrefour,frescos
trozo de vacuno para cocido carrefour el mercado 250 g aprox,250 g,7.19,28.76,el mercado,frescos
crema de queso de untar natural philadelphia pack de 2 unidades de 250 g,pack de 2 unidades de 250 g,4.09,8.18,philadelphia,frescos
pan de perrito 6 ud 330 g,330 g,2.15,6.515151515151515,carrefour,frescos
espetec casa tarradellas sin gluten pack de 2 unidades de 360 g,pack de 2 unidades de 360 g,5.35,7.430555555555555,casa tarradellas,frescos
ensalada cuatro estaciones carrefour 250 g,250 g,0.75,3.0,carrefour,frescos
tomate cherry pera 500 g,500 g,2.19,4.38,Desconocida,frescos
ajo circulo de calidad 250 g,250 g,2.05,8.2,circulo de calidad,frescos
bollito recubierto de chocolate clasicos donettes 8 ud,8 ud,2.85,0.35625,donettes,frescos
manzana golden circulo de calidad a granel 1 kg aprox,1 kg,1.79,1.79,circulo de calidad,frescos
pimiento tricolor carrefour 3 ud 600 g,600 g,1.85,3.0833333333333335,carrefour,frescos
barra rustica 1 ud,1 ud,0.71,0.71,carrefour,frescos
pan de molde sin corteza bimbo 450 g,450 g,2.45,5.444444444444445,bimbo,frescos
cebolla granel carrefour 1 kg aprox,1 kg,2.59,2.59,carrefour,frescos
mango nacional circulo de calidad bandeja de 2 uds,2 uds,3.95,1.975,circulo de calidad,frescos
cesta de jamon y queso carrefour 100 g,100 g,1.0,10.0,carrefour,frescos
uva rosada a granel 500 g aprox,500 g,1.99,3.98,Desconocida,frescos
cogollos carrefour 400 g,400 g,0.99,2.4749999999999996,carrefour,frescos
salmon ahumado noruego carrefour extra 100 g,100 g,3.69,36.9,carrefour,frescos
espetec casa tarradellas sin gluten 185 g,185 g,2.69,14.54054054054054,casa tarradellas,frescos
panecillo 6 semillas 1 ud,1 ud,0.33,0.33,Desconocida,frescos
lima carrefour 300 g,300 g,1.0,3.3333333333333335,carrefour,frescos
rucula carrefour el mercado el mercado 50 g,50 g,0.81,16.2,carrefour,frescos
mini fuet snackin campofrio 50 g,50 g,1.65,32.99999999999999,campofrio,frescos
pan de pueblo sin aditivos 1 ud,1 ud,1.66,1.66,carrefour,frescos
espinaca troceada carrefour el mercado 300 g,300 g,1.19,3.966666666666667,carrefour,frescos
jamon cocido extra campofrio al corte 150 g aprox,150 g,1.64,10.933333333333334,campofrio,frescos
barra grande extra carrefour 1 ud,1 ud,1.29,1.29,carrefour,frescos
queso semicurado en lonchas mezcla garcia baquero 200 g,200 g,4.09,20.45,garcia baquero,frescos
bizcocho recubierto de frambuesa y chocolate pims fontaneda 150 g,150 g,3.29,21.933333333333334,lu,frescos
chorizo extra picante en lonchas revilla sin gluten 65 g,65 g,0.99,15.23076923076923,revilla,frescos
queso fresco de cabra carrefour classic 250 g,250 g,2.95,11.8,carrefour,frescos
cake chip carrefour el mercado 550 g,550 g,3.75,6.8181818181818175,carrefour,frescos
mini fuet de pavo snackin campofrio 50 g,50 g,1.65,32.99999999999999,campofrio,frescos
pan de hamburguesa rustica xxl 4 ud,4 ud,1.59,0.3975,carrefour,frescos
fiambre de cerdo cocido en lonchas sandwich carrefour el mercado sin gluten 450 g,450 g,2.89,6.4222222222222225,carrefour,frescos
queso rallado 4 quesos el caserio 120 g,120 g,2.95,24.583333333333336,el caserio,frescos
preparado de carne picada de vacuno carrefour el mercado 2x450 g,2x450,8.99,0.01997777777777778,carrefour,frescos
filete 1 a de tapa o contra de anojo circulo de calidad 550 g aprox,550 g,11.61,21.109090909090906,circulo de calidad,frescos
mejillon fresco ecologico carrefour bio 1 kg,1 kg,2.85,2.85,carrefour bio,frescos
repollo rizado 1 kg,1 kg,2.55,2.55,Desconocida,frescos
jamon cocido extra braseado en finas lonchas carrefour el mercado sin gluten 200 g,200 g,2.35,11.75,carrefour,frescos
queso rallado mozzarella arla 150 g,150 g,3.49,23.26666666666667,arla,frescos
baguette tostada horno carrefour 250 g,250 g,0.99,3.96,carrefour,frescos
preparado de carne burguer meat de vacuno y cerdo carrefour el mercado 2x450 g,2x450,7.19,0.015977777777777778,carrefour,frescos
napolitana bombon carrefour 4 ud,4 ud,2.99,0.7475,carrefour,frescos
salchichon extra en lonchas carrefour el mercado 2x120 g,2x120,2.19,0.01825,el mercado,frescos
masa hojaldre carrefour classic 460 g,460 g,2.09,4.5434782608695645,carrefour,frescos
bacon en cintas casa tarradellas sin gluten 150 g,150 g,2.15,14.333333333333334,casa tarradellas,frescos
salchichon extra cular carrefour al corte 300 g aprox,300 g,4.47,14.9,carrefour,frescos
bizcocho rondo marmolado carrefour el mercado 700 g,700 g,3.99,5.700000000000001,Desconocida,frescos
queso para untar sin lactosa carrefour no lactosa 200 g,200 g,1.9,9.499999999999998,carrefour,frescos
pechuga de pollo fileteada marinada a las finas hierbas coren 400 g aprox,400 g,3.28,8.2,Coren,frescos
lacon en tapas cortadas a cuchillo mrm 170 g,170 g,4.25,24.999999999999996,mrm,frescos
codillo de jamon curado precortado elpozo sin gluten 850 g,850 g,2.45,2.882352941176471,el pozo,frescos
entrecot de anojo circulo de calidad 500 g aprox,500 g,12.6,25.2,circulo de calidad,frescos
pollo entero en trozos carrefour 2 kg aprox,2 kg,7.9,3.95,carrefour,frescos
filetes de cinta de lomo de cerdo carrefour 800 g aprox,800 g,5.32,6.65,carrefour,frescos
castana a granel 1 kg aprox,1 kg,7.15,7.15,Desconocida,frescos
chapatta cristal kornspitz 2 unidades de 93 g,93 g,2.15,23.118279569892472,carrefour,frescos
nabo granel 1 kg aprox,1 kg,2.49,2.49,Desconocida,frescos
queso fundido en lonchas clasico el caserio sin gluten 262 g ,262 g,2.89,11.030534351145038,el caserio,frescos
queso en lonchas proteina plus carrefour sensation 150 g,150 g,2.65,17.666666666666668,carrefour,frescos
queso de vaca tierno provolone dulce carrefour extra pieza de 150 g,150 g,1.95,13.0,carrefour,frescos
pollo al curry con arroz 280 g,280 g,2.85,10.178571428571427,carrefour,frescos
fiambre de magro de cerdo en lonchas elpozo sin gluten 250 g,250 g,2.69,10.76,el pozo,frescos
lasana de espinacas y crema de queso fundido de cabra carrefour el mercado 350 g,350 g,2.99,8.542857142857144,carrefour,frescos
alas de pollo carrefour 14 kg aprox,14 kg,6.09,0.435,carrefour,frescos
queso azul semicurado carrefour extra cuna de 180 g,180 g,2.45,13.611111111111112,carrefour,frescos
picos artesanos con aceite de oliva carrefour 240 g,240 g,1.59,6.625000000000001,carrefour,frescos
cebolla dulce pelada carrefour 500 g,500 g,2.79,5.58,carrefour,frescos
macarrones bolonesa carrefour el mercado 280 g,280 g,2.35,8.392857142857142,carrefour,frescos
pomelo carrefour 1 kg aprox,1 kg,2.65,2.65,carrefour,frescos
pan burguer goiko 150 g,150 g,1.99,13.266666666666667,Desconocida,frescos
fuet original navidul 150 g,150 g,3.69,24.6,navidul,frescos
chorizo picante extra sarta palacios 250 g,250 g,4.15,16.6,palacios,frescos
chapatta cristal cerveza 230 g,230 g,2.15,9.347826086956522,carrefour,frescos
carpaccio de vacuno ecologico carrefour bio 120 g,120 g,3.85,32.083333333333336,carrefour bio,frescos
tomate cherry cocktail romantico carrefour 300 g,300 g,4.15,13.833333333333336,carrefour,frescos
morcilla pieza carrefour el mercado 300 g aprox,300 g,2.18,7.2666666666666675,carrefour,frescos
pechuga de pavo reducida en sal en lonchas extrafinas carrefour el mercado sin gluten 100 g,100 g,2.99,29.900000000000002,carrefour,frescos
fuet casero el pozo sin gluten pack de 2 unidades de 150 g,pack de 2 unidades de 150 g,4.89,16.3,el pozo,frescos
salmon en rodaja calidad y origen carrefour 300 g aprox,300 g,5.65,18.833333333333336,circulo de calidad,frescos
media hogaza de pan integral de trigo espelta carrefour el mercado 400 g,400 g,2.15,5.374999999999999,carrefour,frescos
chirla italiana fresca 500 g,500 g,4.5,9.0,Desconocida,frescos
jamon de cebo iberico 50 raza iberica en lonchas ibersierra sin gluten y sin lactosa 100 g,100 g,7.39,73.89999999999999,ibersierra,frescos
lomo de cerdo adobado carrefour el mercado 1 kg aprox,1 kg,6.81,6.81,carrefour,frescos
queso camembert caprice des dieux 200 g,x 200,5.29,0.02645,caprice des deux,frescos
chorizo asturiano el chico 250 g,250 g,2.78,11.12,nacional sin marca,frescos
maiz cocido ecologico carrefour bio 400 g,400 g,1.99,4.975,carrefour bio,frescos
crema de queso clasico ecologico carrefour bio 150 g,150 g,1.47,9.8,carrefour bio,frescos
queso fundido en porciones light la vaca que rie sin gluten 375 g,375 g,4.09,10.906666666666666,la vaca que rie,frescos
empanada rectangular de carne 700 g,700 g,5.75,8.214285714285715,carrefour,frescos
burgermeat de vacuno master lomo carrefour el mercado 2x180 g,2x180,4.99,0.027722222222222224,el mercado,frescos
queso fundido en porciones la vaca que rie sin gluten 250 g,250 g,3.05,12.2,la vaca que rie,frescos
salami extra en lonchas carrefour el mercado 2x120 g,2x120,2.15,0.017916666666666668,el mercado,frescos
boqueron en vinagre carrefour el mercado 60 g,60 g,1.79,29.833333333333336,el mercado,frescos
alas de pollo congeladas 1 kg,1 kg,4.09,4.09,Desconocida,frescos
finas de mar sabor al ajillo simply 175 g,175 g,1.49,8.514285714285714,carrefour,frescos
tabule oriental 400 g,400 g,2.55,6.374999999999999,carrefour,frescos
pan payes grande hecho aqui carrefour 800 g,800 g,2.95,3.6875,carrefour,frescos
filetes de pechuga de pavo marinado carrefour el mercado 500 g aprox,500 g,4.94,9.88,carrefour,frescos
pan tostado integral ortiz 320 g,320 g,2.95,9.21875,ortiz,frescos
constramuslo de pavo fileteado carrefour 600 g aprox,600 g,4.92,8.200000000000001,carrefour,frescos
filete de jamon de cerdo carrefour 600 g aprox,600 g,4.85,8.083333333333334,carrefour,frescos
chorizo de pamplona en lonchas carrefour el mercado 2x1125 g,2x1125,2.15,0.001911111111111111,carrefour,frescos
kiwi ecologico 500 g,500 g,3.69,7.38,Desconocida,frescos
langostino cocido 4060 ud 1 kg aprox ,1 kg,7.99,7.99,Desconocida,frescos
mini medias noches carrefour 255 g,255 g,1.99,7.803921568627451,carrefour,frescos
traseros de pollo carrefour el mercado 12 kg aprox,12 kg,3.23,0.26916666666666667,el mercado,frescos
lazos cebra 6 ud,6 ud,3.65,0.6083333333333333,Desconocida,frescos
brotes de espinaca y rucula carrefour el mercado 150 g,150 g,1.69,11.266666666666667,carrefour,frescos
mortadela iberica legado el pozo 180 g aprox,180 g,1.72,9.555555555555555,el pozo,frescos
almejas del pacifico cruda congelado carrefour 600 g,600 g,2.29,3.816666666666667,carrefour,frescos
solomillo de cerdo extratiernos elpozo 750 g aprox,750 g,8.17,10.893333333333333,Desconocida,frescos
fiambre de pechuga de pavo noel 200 g aprox,200 g,1.8,9.0,noel,frescos
flauta de chocolate 6 ud,6 ud,3.09,0.515,carrefour,frescos
fiambre de pechuga de pavo mini pavofrio campofrio sin gluten y sin lactosa 340 g,340 g,4.75,13.970588235294116,pavofrio,frescos
cebolla ecologica carrefour bio 1 kg,1 kg,2.99,2.99,carrefour bio,frescos
filetes de pollo empanado carrefour el mercado 500 g aprox,500 g,4.35,8.7,el mercado,frescos
jamon curado de teruel en lonchas cortado a cuchillo de nuestra tierra 80 g,80 g,4.95,61.875,de nuestra tierra,frescos
queso tierno en lonchas el ventero 200 g,200 g,4.69,23.45,el ventero,frescos
mozzarella di bufala campana dop carrefour extra 125 g,125 g,1.85,14.8,carrefour,frescos
ensalada pasta y rucula carrefour 320 g,320 g,3.19,9.96875,carrefour,frescos
cilantro  manojo de 100 g,100 g,1.59,15.9,Desconocida,frescos
pan de molde rustico 600 g,600 g,2.59,4.316666666666666,carrefour,frescos
brocoli floretes carrefour 400 g,400 g,2.45,6.125,carrefour,frescos
pechuga de pollo cocido en lonchas campofrio finissimas sin gluten y sin lactosa 115 g,115 g,1.99,17.304347826086957,campofrio,frescos
filete de vacuno carrefour 500 g,500 g,8.49,16.98,marca nacional sin marca,frescos
pechuga de pollo cocida en finas lonchas carrefour el mercado sin gluten 200 g,200 g,2.35,11.75,carrefour,frescos
brochetas de pollo marinado con verduras carrefour el mercado 300 g aprox,300 g,2.6,8.666666666666668,el mercado,frescos
media gallina nutrave 700 g aprox,700 g,3.85,5.500000000000001,Desconocida,frescos
pez espada 12 kg aprox,12 kg,19.14,1.595,Desconocida,frescos
pechuga de pavo cocida en finas lonchas carrefour el mercado sin gluten 225 g,225 g,2.39,10.622222222222222,carrefour,frescos
queso de vaca semicurado 200 g,200 g,2.25,11.25,simpl,frescos
queso cheddar y samsoe en dados especial ensaladas carrefour 200 g,200 g,1.84,9.2,carrefour,frescos
sardina parrocha 1 kg aprox,1 kg,5.49,5.49,Desconocida,frescos
queso de vaca havarti de barra en lonchas arla 220 g aprox,220 g,3.77,17.136363636363637,abrilisto,frescos
hamburguesa de anojo circulo de calidad 2x150 g,2x150,4.79,0.031933333333333334,circulo de calidad,frescos
salchichas big pollo el pozo sin gluten pack de 3 unidades de 200 g,pack de 3 unidades de 200 g,2.5,4.166666666666667,el pozo,frescos
queso fresco villalon carrefour 220 g aprox,220 g,3.0,13.636363636363637,carrefour,frescos
patata saco 10 kg,10 kg,9.5,0.95,Desconocida,frescos
chopped tipo lata en lonchas elpozo sin gluten 250 g,250 g,2.69,10.76,el pozo,frescos
castana malla 750 g,750 g,5.35,7.133333333333333,carrefour,frescos
tomate pera ecologico carrefour bio 500 g,500 g,2.99,5.98,carrefour bio,frescos
tomate cherry sabores carrefour 500 gr,500 gr,3.45,6.9,carrefour,frescos
lomo de atun 400 g aprox,400 g,7.96,19.9,marca nacional sin marca,frescos
fiambre de pechuga de pavo para sandwich en lonchas el pozo sin gluten 270 g,270 g,1.99,7.37037037037037,el pozo,frescos
queso cottage arla 200 g,200 g,2.35,11.75,arla,frescos
barra aldeana hecho aqui carrefour 400 g,400 g,1.16,2.8999999999999995,carrefour,frescos
endivia carrefour 450 g,450 g,1.75,3.888888888888889,carrefour,frescos
lombarda 1 kg,1 kg,2.05,2.05,Desconocida,frescos
ensalada new yorker carrefour 210 g,210 g,2.25,10.714285714285715,carrefour,frescos
chuletas de lomo de cerdo carrefour 550 g aprox,550 g,3.24,5.890909090909091,carrefour,frescos
filete 1 a de cadera o babilla de anojo circulo de calidad 550 g aprox,550 g,11.7,21.27272727272727,circulo de calidad,frescos
coco 500 g aprox,500 g,1.19,2.38,Desconocida,frescos
paleta de cebo iberica 50 raza iberica en lonchas ibersierra sin gluten y sin lactosa 100 g,100 g,7.85,78.49999999999999,ibersierra,frescos
hamburguesa de anojo circulo de calidad 300 g,300 g,4.95,16.5,circulo de calidad,frescos
espaguetis carbonara carrefour el mercado 280 g,280 g,2.2,7.857142857142857,carrefour,frescos
queso maasdam carrefour 375 g,375 g,3.49,9.306666666666667,carrefour,frescos
queso emmental en lonchas carrefour 150 g,150 g,2.05,13.666666666666666,carrefour,frescos
bacon ahumado natural carrefiur 400 g aprox,400 g,3.45,8.625,carrefour,frescos
preparado de carne picada de vacuno carrefour el mercado 500 g,500 g,5.19,10.38,carrefour,frescos
pechuga de pollo en filetes carrefour el mercado 1 kg aprox,1 kg,7.05,7.05,el mercado,frescos
preparado de pure de verduras peladas 900 g,900 g,3.09,3.433333333333333,Desconocida,frescos
pechuga de pavo fileteada carrefour 500 g aprox,500 g,5.12,10.24,carrefour,frescos
cebolla francesa carrefour el mercado 500 g,500 g,1.65,3.3,carrefour,frescos
chuleton de vacuno 600 g aprox,600 g,13.02,21.7,marca nacional sin marca,frescos
pan de molde integral 800 g,800 g,2.59,3.2375,carrefour,frescos
hamburguesa de picana angus de vacuno carrefour seleccion lord dani 300 g,300 g,5.39,17.966666666666665,carrefour seleccion,frescos
carne de pavo para estofado carrefour 600 g aprox,600 g,4.5,7.5,carrefour,frescos
reganas de pan carrefour el mercado 500 g,500 g,2.69,5.38,carrefour,frescos
txistorra de navarra de nuestra tierra 220 g,220 g,2.79,12.681818181818182,de nuestra tierra,frescos
solomillo de pollo marinado al ajillo coren 300 g aprox,300 g,2.97,9.9,Coren,frescos
empanada rectangular de pollo con champinones carrefour 700 g,700 g,5.75,8.214285714285715,carrefour,frescos
pechuga de pavo braseada artesana en lonchas campofrio 180 g aprox,180 g,2.75,15.277777777777779,campofrio,frescos
ajo blanco extra de chinchon 500 g,500 g,3.99,7.98,Desconocida,frescos
lechuga batavia verde 1 ud,1 ud,0.99,0.99,Desconocida,frescos
pimiento rojo ecologico carrefour bio 400 g,400 g,3.49,8.725,carrefour bio,frescos
chorizo extra curado revilla al corte 250 g aprox,250 g,4.2,16.8,Revilla,frescos
seta shii take carrefour 300 g aprox,300 g,3.95,13.166666666666668,carrefour,frescos
esparrago verde grueso carrefour el mercado 300 g,300 g,3.49,11.633333333333335,carrefour,frescos
canelones de carne setas y boletus carrefour el mercado 350 g,350 g,3.69,10.542857142857143,carrefour,frescos
ajo ecologico carrefour bio a granel 200 g aprox,200 g,2.04,10.2,carrefour bio,frescos
jamon cocido extra sin fosfatos al corte el pozo edicion 1954 150 g aprox,150 g,1.93,12.866666666666667,el pozo,frescos
pepperoni en lonchas carrefour el mercado sin gluten 75 g,75 g,1.79,23.866666666666667,el mercado,frescos
papayon a granel 12 kg aprox,12 kg,6.23,0.5191666666666667,Desconocida,frescos
albondigas con salsa 275 g,275 g,2.75,10.0,carrefour,frescos
mortadela de pavo en lonchas elpozo sin gluten 250 g,250 g,2.69,10.76,el pozo,frescos
salchichon iberico extra en lonchas carrefour el mercado 2x625 g,2x625,2.75,0.0044,carrefour,frescos
queso fresco de cabra burgo de arias sin gluten pack de 3 unidades de 70 g,pack de 3 unidades de 70 g,4.29,20.42857142857143,burgo de arias,frescos
cake natur carrefour el mercado 550 g,550 g,3.75,6.8181818181818175,carrefour,frescos
queso semicurado en lonchas navidul 70 g,70 g,1.86,26.57142857142857,navidul,frescos
pate a la pimienta carrefour el mercado sin gluten 100 g,100 g,1.55,15.5,carrefour,frescos
lomo de cerdo al ajillo fileteado carrefour 750 g aprox,750 g,5.77,7.6933333333333325,carrefour,frescos
finas del mar carrefour simply 400 g,400 g,2.99,7.4750000000000005,carrefour,frescos
pechuga de pavo sin grasa en pieza bienstar elpozo sin gluten y sin lactosa 340 g,340 g,3.99,11.735294117647058,el pozo,frescos
bocadito de pan de hamburguesa 255 g,255 g,1.99,7.803921568627451,carrefour,frescos
estofado de vacuno carrefour el mercado 500 g aprox,500 g,6.99,13.98,el mercado,frescos
queso fresco carrefour classic 250 g,250 g,1.64,6.56,carrefour,frescos
fiambre de pechuga de pavo en lonchas elpozo sin gluten y sin lactosa 80 g,80 g,1.0,12.5,marca nacional sin marca,frescos
queso fresco original burgo de arias pack de 6 unidades de 72 g,pack de 6 unidades de 72 g,6.05,14.00462962962963,burgo de arias,frescos
filetes de centro de lomo de cerdo 540 g aprox,540 g,3.68,6.814814814814815,carrefour,frescos
queso de mezcla tierno carrefour classic cuna de 365 g,365 g,3.69,10.10958904109589,carrefour,frescos
pan campeonato fricopan spanien 750 g,750 g,1.86,2.48,Desconocida,frescos
bacon cocido ahumado en lonchas el pozo sin gluten y sin lactosa 110 g,110 g,1.49,13.545454545454545,el pozo,frescos
arroz tres delicias carrefour el mercado 350 g,350 g,3.55,10.142857142857142,carrefour,frescos
mortadela estilo italiana en lonchas carrefour el mercado sin gluten y sin lactosa 150 g,150 g,1.89,12.6,carrefour,frescos
bimi 200 g,200 g,2.05,10.249999999999998,Desconocida,frescos
mortadela de pavo con aceitunas en lonchas elpozo sin gluten 250 g,250 g,2.69,10.76,el pozo,frescos
palmera supremas carrefour 4 ud,4 ud,3.25,0.8125,Desconocida,frescos
champinon laminado carrefour bio 300 g aprox,300 g,2.98,9.933333333333334,carrefour bio,frescos
solomillo de pollo empanado carrefour el mercado 300 g aprox,300 g,2.61,8.7,el mercado,frescos
salmon ahumado noruego royal 90 g,90 g,7.05,78.33333333333333,royal,frescos
mini chorizo snackin campofrio sin gluten 50 g,50 g,1.65,32.99999999999999,campofrio,frescos
queso fundido en lonchas light carrefour 300 g,300 g,2.15,7.166666666666667,carrefour,frescos
salchichas big queso el pozo sin gluten pack de 3 unidades de 200 g,pack de 3 unidades de 200 g,2.5,4.166666666666667,el pozo,frescos
pan batard carrefour 1 ud,1 ud,2.39,2.39,Desconocida,frescos
queso de cabra tierno carrefour classic cuna de 300 g,300 g,4.05,13.5,carrefour,frescos
estofado de pavo adobado al ajillo carrefour 500 g aprox,500 g,3.29,6.58,carrefour,frescos
perlas de mozzarella carrefour 125 g,125 g,1.62,12.96,carrefour,frescos
queso mozzarella carrefour classic sin lactosa 125 g,125 g,1.64,13.12,carrefour,frescos
ensalada pasta y atun 325 g,325 g,3.45,10.615384615384615,Desconocida,frescos
queso fresco carrefour sin lactosa pack de 4 unidades de 625 g,pack de 4 unidades de 625 g,1.9,0.76,carrefour,frescos
empanada familiar de atun carrefour el mercado 1 kg aprox,1 kg,7.2,7.2,carrefour,frescos
ravioli carne al brasato buitoni 230 g,230 g,3.19,13.869565217391303,buitoni,frescos
mini croissant bombon 6 ud,6 ud,3.39,0.5650000000000001,Desconocida,frescos
empanada de hojaldre de atun 300 g,300 g,3.3,11.0,carrefour,frescos
verduras para wok mediterraneo carrefour 400 g,400 g,2.49,6.2250000000000005,carrefour,frescos
salchichas con doble de leche campofrio sin gluten 140 g,140 g,0.95,6.785714285714285,campofrio,frescos
butifarra fresca extra de cerdo enrollada carrefour 700 g,700 g,3.99,5.700000000000001,carrefour,frescos
pate a la pimienta classic carrefour sin gluten y sin lactosa 160 g,160 g,1.1,6.875,carrefour,frescos
queso fresco de cabra el abuelo 300 g,300 g,4.15,13.833333333333336,el abuelo,frescos
crema de queso semicurado carrefour extra sin gluten 125 g,125 g,1.35,10.8,carrefour,frescos
costilla de vacuno carrefour el mercado 250 g aprox,250 g,3.52,14.08,el mercado,frescos
guacamole ecologico en tarrina 200 g,200 g,1.99,9.95,carrefour,frescos
berenjena carrefour bio 2 piezas,2 piezas,2.39,1.195,carrefour bio,frescos
trucha asalmonada circulo de calidad 600 g aprox,600 g,5.37,8.950000000000001,circulo de calidad,frescos
queso havarti light en lonchas arla 150 g,150 g,3.59,23.933333333333334,arla,frescos
queso parmigiano reggiano dop extra carrefour 150 g,150 g,6.35,42.333333333333336,carrefour,frescos
pechuga de pavo en lonchas un momento y listo serrano sin gluten sin lactosa 200 g,200 g,3.09,15.45,serrano,frescos
pechuga de pollo natural en lonchas 1954 premium gourmet elpozo sin gluten y sin lactosa 120 g,120 g,2.99,24.916666666666668,marca nacional sin marca,frescos
ensalada completa japon florette 250 g,250 g,3.99,15.96,Desconocida,frescos
salchichas hot dogs king upp elpozo 275 g,275 g,1.7,6.181818181818181,el pozo,frescos
queso mozzarella light galbani 125 g,125 g,2.19,17.52,galbani,frescos
pastel de atun 250 g,250 g,2.9,11.6,carrefour,frescos
salmon ahumado noruego carrefour extra pack de 2 unidades de 180 g,pack de 2 unidades de 180 g,12.69,35.25,carrefour,frescos
croquetas caseras de jamon iberico 295 g,295 g,4.4,14.915254237288137,carrefour,frescos
salchichas king el pozo sin gluten 330 g,330 g,2.15,6.515151515151515,el pozo,frescos
filete 1 a vacuno el mercado 500 g aprox,500 g,7.49,14.98,el mercado,frescos
empanada de hojaldre de atun 600 g,600 g,5.49,9.15,carrefour,frescos
albondigas de pollo congeladas simons food 1 kg,1 kg,6.49,6.49,Desconocida,frescos
fiambre de magro de cerdo para sandwich en lonchas elpozo sin gluten 300 g,300 g,1.99,6.633333333333334,el pozo,frescos
preparado para cocido carrefour 1 kg aprox,1 kg,7.5,7.5,carrefour,frescos
queso de oveja semicurado carrefour classic cuna 250 g,250 g,3.35,13.4,carrefour,frescos
cuartos de pollo congelado 2 kg,2 kg,5.9,2.95,Desconocida,frescos
jamon de pavo cocido en finas lonchas carrefour el mercado sin gluten 225 g,225 g,1.99,8.844444444444445,carrefour,frescos
chistorra carrefour sin gluten 220 g,220 g,1.39,6.3181818181818175,carrefour,frescos
pescadilla fina 800 g aprox,800 g,7.16,8.95,Desconocida,frescos
queso fundido con sticks de pan la vaca que rie pack de 8 unidades de 35 g,pack de 8 unidades de 35 g,5.15,18.392857142857142,la vaca que rie,frescos
filetes de merluza argentina carrefour extra 1 kg,1 kg,10.79,10.79,carrefour,frescos
jamon cocido extra en lonchas extrafinas carrefour el mercado sin gluten 100 g,100 g,2.89,28.9,carrefour,frescos
salchichas alemanas cocidas y ahumadas estilo baviera campofrio sin gluten 260 g,260 g,2.79,10.73076923076923,campofrio,frescos
nuggets de pollo carrefour el mercado 320 g,320 g,2.69,8.40625,el mercado,frescos
queso edam carrefour 455 g,455 g,4.09,8.989010989010989,carrefour,frescos
fuet snack original king upp elpozo sin gluten 40 g,40 g,0.99,24.75,Desconocida,frescos
corvina circulo de calidad 2 kg aprox,2 kg,19.7,9.85,circulo de calidad,frescos
sobrasada el pozo 250 g,250 g,2.35,9.4,el pozo,frescos
salmon 3 kg aprox,3 kg,26.97,8.99,carrefour,frescos
manzana pink lady a granel 1 kg aprox,1 kg,3.75,3.75,Desconocida,frescos
queso mozzarella en lonchas carrefour 200 g,200 g,1.8,9.0,carrefour,frescos
tomate ensalada 1 kg aprox,1 kg,1.99,1.99,Desconocida,frescos
cebolla roja carrefour 500 g,500 g,1.45,2.9,carrefour,frescos
chorizo en lonchas revilla sin gluten 65 g,65 g,0.99,15.23076923076923,revilla,frescos
barra con cereales tradicional 1 ud,1 ud,1.03,1.03,carrefour,frescos
champinon pie cortado carrefour 200 g aprox,200 g,0.99,4.949999999999999,carrefour,frescos
chirimoya nacional a granel circulo de calidad 1 kg aprox,1 kg,2.39,2.39,circulo de calidad,frescos
fiambre de pechuga de pavo en lonchas campofrio sin gluten y sin lactosa 70 g,70 g,0.99,14.14285714285714,campofrio,frescos
granada carrefour a granel 1 kg aprox,1 kg,2.25,2.25,carrefour,frescos
salchichas frankfurt carrefour pack de 4 unidades 170 g,pack de 4 unidades,1.84,0.46,carrefour,frescos
naranjas de zumo carrefour el mercado 3 kg,3 kg,5.85,1.95,carrefour,frescos
lechuga iceberg carrefour el mercado 250 g,250 g,0.83,3.32,carrefour,frescos
queso rallado grana padano dop carrefour extra 100 g,100 g,1.8,18.0,carrefour,frescos
pera conferencia circulo de calidad 1 kg aprox,1 kg,2.19,2.19,circulo de calidad,frescos
baguette 2 ud,2 ud,0.96,0.48,carrefour,frescos
boniato carrefour 1 kg aprox,1 kg,2.79,2.79,carrefour,frescos
jamon cocido en lonchas campofrio sin gluten y sin lactosa 75 g,75 g,0.99,13.200000000000001,campofrio,frescos
queso burrata carrefour extra 125 g,125 g,1.99,15.92,carrefour,frescos
queso havarti en lonchas carrefour 200 g,200 g,2.05,10.249999999999998,carrefour,frescos
mango nacional circulo de calidad granel 500 g aprox ,500 g,1.07,2.14,circulo de calidad,frescos
cebolla carrefour 2 kg,2 kg,3.9,1.95,carrefour,frescos
traseros de pollo carrefour 15 kg aprox,15 kg,4.03,0.26866666666666666,carrefour,frescos
pan proteico mediano ketterer 450 g,450 g,4.19,9.311111111111112,Desconocida,frescos
cebolla echalotte carrefour 250 g,250 g,1.53,6.12,carrefour,frescos
mini snack de fuet xxl campofrio sin gluten 140 g,140 g,3.59,25.64285714285714,campofrio,frescos
mini fuet al brie snackin campofrio sin gluten 50 g,50 g,1.65,32.99999999999999,campofrio,frescos
acelgas manojo de 800 g,800 g,2.12,2.65,Desconocida,frescos
chorizo de leon extra en lonchas palcarsa sin gluten y sin lactosa 100 g,100 g,2.05,20.499999999999996,Desconocida,frescos
caracolas de fruta carrefour 4 ud,4 ud,3.65,0.9125,Desconocida,frescos
jamon curado 25 menos de sal en taquitos navidul sin gluten pack de 2 unidades de 50 g,pack de 2 unidades de 50 g,2.19,21.9,Desconocida,frescos
queso mozzarella galbani 150 g,150 g,3.65,24.333333333333332,galbani,frescos
jamon cocido receta clasica noel 250 g aprox,250 g,2.5,10.0,noel,frescos
picada de vacuno ecologico carrefour bio 400 g,400 g,5.29,13.225,carrefour bio,frescos
cecina en lonchas palcarsa 80 g,80 g,3.99,49.875,Desconocida,frescos
hamburguesas de vacuno ecologica carrefour bio 2x120 g,2x120,3.98,0.033166666666666664,carrefour bio,frescos
almeja japonica fresca 500 g,500 g,11.05,22.1,Desconocida,frescos
lomo embuchado salamanca carrefour taco de 400 g aprox,400 g,9.8,24.5,carrefour,frescos
pan tostado schr sin gluten y sin lactosa 260 g,260 g,5.39,20.73076923076923,schar,frescos
queso curado ya cortado garcia baquero 225 g,225 g,5.55,24.666666666666664,garcia baquero,frescos
paleta asada al horno en lonchas noel delizias sin gluten y sin lactosa 150 g,150 g,3.39,22.6,marca nacional sin marca,frescos
cebolla blanca carrefour 500 g,500 g,1.79,3.58,carrefour,frescos
lomo gran reserva ya cortado espana e hijos 200 g,200 g,4.95,24.75,Desconocida,frescos
cabeza de cerdo iberica con pistachos al corte frial 250 g aprox,250 g,4.24,16.96,Desconocida,frescos
pate a las finas hierbas casa tarradellas sin gluten 125 g,125 g,1.2,9.6,casa tarradellas,frescos
carcasa de pollo carrefour 800 g aprox,800 g,0.95,1.1874999999999998,carrefour,frescos
filetes de lomo bajo de anojo circulo de calidad 500 g aprox,500 g,12.65,25.3,circulo de calidad,frescos
ajo puerro tierno grande  manojo de 150 g,150 g,1.85,12.333333333333334,Desconocida,frescos
queso fundido en porciones el caserio sin gluten 250 g,250 g,2.79,11.16,el caserio,frescos
morcillo de anojo circulo de calidad 550 g aprox,550 g,8.77,15.945454545454544,circulo de calidad,frescos
queso parmesano reggiano parmareggio 150 g,150 g,5.95,39.66666666666667,parmareggio,frescos
queso gorgonzola dop carrefour extra 200 g,200 g,2.95,14.75,carrefour,frescos
manzana reineta verde a granel 1 kg aprox,1 kg,2.55,2.55,marca nacional sin marca,frescos
jamon cocido en lonchas el pozo sin gluten y sin lactosa 80 g,80 g,1.0,12.5,marca nacional sin marca,frescos
seta circulo de calidad carrefour el mercado 400 g aprox,400 g,3.2,8.0,circulo de calidad,frescos
pan de chapata tradicional hecho aqui carrefour 380 g,380 g,1.69,4.447368421052631,carrefour,frescos
queso en lonchas protein arla 150 g,150 g,3.45,23.000000000000004,arla,frescos
tortellini ricotta y espinacas buitoni 230 g,230 g,3.25,14.130434782608695,buitoni,frescos
pechuga de pavo en pieza bienstar elpozo sin gluten y sin lactosa 340 g,340 g,3.99,11.735294117647058,el pozo,frescos
empanada rectangular de bacalao 700 g,700 g,5.75,8.214285714285715,carrefour,frescos
filetes de merluza argentina simpl 600 g,600 g,5.09,8.483333333333334,simpl,frescos
barritas krissia 300 g,300 g,4.65,15.500000000000002,marca nacional sin marca,frescos
sobrasada de mallorca el zagal 200 g,200 g,2.99,14.950000000000001,el zagal,frescos
traseros de pollo certificado 1 kg aprox,1 kg,4.89,4.89,carrefour,frescos
hamburguesa de vacuno anojo circulo de calidad 4x90 g,4x90,4.99,0.05544444444444445,circulo de calidad,frescos
queso de cabra semicurado carrefour classic cuna de 300 g,300 g,4.35,14.5,carrefour,frescos
ensalada de pasta y pollo carrefour el mercado 340 g,340 g,3.99,11.735294117647058,carrefour,frescos
lechuga trocadero carrefour 150 g,150 g,1.59,10.600000000000001,carrefour,frescos
mousse de pato carrefour sin gluten 90 g,90 g,1.89,21.0,carrefour,frescos
pechuga de pavo 100 natural en lonchas finas el pozo 130 g,130 g,1.99,15.307692307692307,El Pozo,frescos
palmeron de hojaldre de azucar xxl carrefour 330 g,330 g,1.55,4.696969696969697,carrefour,frescos
pechuga de pollo certificado entera carrefour 400 g aprox,400 g,3.8,9.499999999999998,carrefour,frescos
ensalada de salmon ahumado queso de cabra y mango krissia 160 g,160 g,3.99,24.9375,Desconocida,frescos
queso mozzarella di bufala campana galbani 125 g,125 g,3.99,31.92,galbani,frescos
queso de mezcla curado gran capitan cuna ya cortada de 210 g,210 g,6.65,31.666666666666668,gran capitan,frescos
salchichas big classic el pozo sin gluten pack de 3 unidades de 200 g,pack de 3 unidades de 200 g,2.5,4.166666666666667,el pozo,frescos
queso rallado filatto especial pasta el caserio 80 g,80 g,1.64,20.5,el caserio,frescos
media hogaza de pan de centeno carrefour el mercado 400 g,400 g,2.15,5.374999999999999,carrefour,frescos
queso rallado emmental ecologico carrefour bio 200 g,200 g,2.55,12.749999999999998,carrefour bio,frescos
longaniza roja carrefour 500 g aprox,500 g,3.39,6.78,carrefour,frescos
hamburguesa de pavo carrefour 320 g,320 g,2.99,9.34375,carrefour,frescos
queso rallado emmental especial pastas president 150 g,150 g,3.45,23.000000000000004,president,frescos
torreznos sabor jamon iberico carrefour el mercado 125 g,125 g,2.95,23.6,carrefour,frescos
pavo con trufa y boletus al corte el pozo legado 150 g aprox,150 g,2.68,17.866666666666667,el pozo,frescos
palmera de chocolate carrefour 4 ud,4 ud,3.65,0.9125,carrefour,frescos
boniato ecologico 650 g,650 g,2.99,4.6000000000000005,Desconocida,frescos
bizcocho rondo de cacao carrefour el mercado 700 g,700 g,3.99,5.700000000000001,Desconocida,frescos
hamburguesas de pollo de corral 250 g,250 g,3.95,15.8,Desconocida,frescos
curcuma ecologica  150 g,150 g,1.85,12.333333333333334,Desconocida,frescos
pera blanquilla carrefour 15 kg aprox,15 kg,3.97,0.26466666666666666,carrefour,frescos
queso semicurado mezcla graso garcia baquero 300 g aprox,300 g,5.37,17.900000000000002,Desconocida,frescos
solomillos de pollo carrefour el mercado 600 g aprox,600 g,4.71,7.8500000000000005,el mercado,frescos
jamon cocido extra reducido en sal y bajo en grasa al corte el pozo 170 g aprox,170 g,2.12,12.470588235294118,el pozo,frescos
mix de setas sabor intenso carrefour el mercado 1 kg aprox,1 kg,16.99,16.99,carrefour,frescos
crema de queso con finas hierbas philadelphia 150 g,150 g,2.69,17.933333333333334,philadelphia,frescos
alas de pollo certificado carrefour 500 g aprox,500 g,3.25,6.5,carrefour,frescos
oreja de cerdo carrefour el mercado 200 g aprox,200 g,1.38,6.8999999999999995,carrefour,frescos
alas de pollo carrefour el mercado 1 kg aprox,1 kg,4.24,4.24,el mercado,frescos
pate a la pimienta casa tarradellas sin gluten 125 g,125 g,1.2,9.6,casa tarradellas,frescos
queso lonchas garcia baquero sin lactosa 150 g,150 g,3.59,23.933333333333334,garcia baquero,frescos
mini napolitana de chocolate carrefour 10 ud,10 ud,3.65,0.365,carrefour,frescos
centro de jamon serrano gran reserva en lonchas carrefour 170 g aprox,170 g,4.58,26.941176470588236,carrefour,frescos
jamon cocido extra braseado al corte el pozo edicion 1954 170 g aprox,170 g,2.03,11.941176470588234,el pozo,frescos
manos de cerdo carrefour al vacio 500 g,500 g,3.44,6.88,carrefour,frescos
redondo de pollo asado la carlotena 340 g,340 g,4.19,12.323529411764707,Desconocida,frescos
queso de mezcla semicurado en cuna garcia baquero 330 g,330 g,7.85,23.787878787878785,garcia baquero,frescos
bacalao desmigado desalado carrefour el mercado 250 g,250 g,5.95,23.8,carrefour,frescos
mini hamburguesas de pollo 200 g,200 g,2.07,10.349999999999998,carrefour,frescos
queso latino goya 300 g,300 g,4.89,16.3,goya,frescos
salchichas big pavo el pozo sin gluten pack de 3 unidades de 200 g,pack de 3 unidades de 200 g,2.5,4.166666666666667,el pozo,frescos
pate a las finas hierbas carrefour el mercado sin gluten 100 g,100 g,1.55,15.5,carrefour,frescos
pechuga de pavo cocido extra en lonchas carrefour el mercado 200 g,200 g,2.55,12.749999999999998,carrefour,frescos
pechuga de pavo cocida sabor ahumado en petalos noel sin gluten y sin lactosa 90 g,90 g,2.85,31.666666666666668,marca nacional sin marca,frescos
salmon ahumado reducido en sal ecologico bio carrefour 85 g,85 g,4.65,54.705882352941174,carrefour bio,frescos
patata mini selecta 1 kg,1 kg,3.85,3.85,Desconocida,frescos
fuet extra dolot en canitas espuna 50 g,50 g,1.85,37.0,espuna,frescos
chorizo iberico en lonchas carrefour el mercado 2x625 g,2x625,2.75,0.0044,carrefour,frescos
hamburguesa de vacuno black angus y cerdo iberico noel 180 g ,180 g,2.99,16.611111111111114,Noel,frescos
mango nacional ecologico 2 ud,2 ud,5.99,2.995,carrefour bio,frescos
pechuga de pavo ecologica en lonchas carrefour bio sin gluten 90 g,90 g,3.45,38.333333333333336,carrefour bio,frescos
mini sticks de chorizo carrefour sensation sin gluten 50 g,50 g,1.35,27.0,carrefour,frescos
lomos de merluza carrefour extra 400 g,400 g,4.55,11.374999999999998,carrefour,frescos
leche fermentada pro sabor stracciatella lindahls 160 g,160 g,0.99,6.1875,lindahls,frescos
torrezno de soria de nuestra tierra 230 g,230 g,4.29,18.652173913043477,de nuestra tierra,frescos
naranja selecta bandeja 1 kg,1 kg,2.65,2.65,Desconocida,frescos
entrecot de lomo de cerdo iberico marinado legado iberico 300 g,300 g,5.99,19.96666666666667,Desconocida,frescos
pate de atun casa tarradellas sin gluten 125 g,125 g,1.39,11.12,casa tarradellas,frescos
burger picada de pavo carrefour 400 g,400 g,4.4,11.0,carrefour,frescos
preparado de carne picada de vacuno circulo de calidad 400 g,400 g,5.19,12.975,circulo de calidad,frescos
jamon cocido extra en lonchas las mas finas elpozo sin gluten 115 g,115 g,1.5,13.043478260869565,marca nacional sin marca,frescos
salchichon extra en lonchas extrafinas carrefour el mercado sin gluten 100 g,100 g,3.55,35.49999999999999,carrefour,frescos
fuet mini campofrio snackin 50 g,50 g,1.95,39.0,campofrio,frescos
mortadela di bologna igp ferrarini espana 100 g,100 g,2.89,28.9,IGP,frescos
queso blanco con finas hierbas para untar en tarrina carrefour classic 200 g,200 g,1.85,9.25,carrefour,frescos
queso fresco desnatado burgo de arias sin gluten pack de 3 unidades de 72 g,pack de 3 unidades de 72 g,3.29,15.231481481481481,burgo de arias,frescos
morcilla de burgos de nuestra tierra 350 g aprox,350 g,2.43,6.942857142857144,de nuestra tierra,frescos
jamon cocido bajo en grasa reducido en sal en lonchas campofrio   cuida t sin gluten sin lactosa 65 g,65 g,0.99,15.23076923076923,cuidat,frescos
panceta de cerdo fina sin corteza carrefour el mercado 500 g aprox,500 g,3.9,7.8,carrefour,frescos
medallones de merluza carrefour extra 480 g,480 g,5.15,10.729166666666668,carrefour,frescos
boquerones en vinagre alinados de nuestra tierra 100 g,100 g,4.4,44.0,de nuestra tierra,frescos
rape blanco 25 kg aprox,25 kg,29.87,1.1948,Desconocida,frescos
chuleta de pavo marinada carrefour el mercado 500 g aprox,500 g,4.19,8.38,carrefour,frescos
medio conejo troceado circulo de calidad 650 g aprox,650 g,5.98,9.200000000000001,circulo de calidad,frescos
preparado de carne picada de vacuno el encinar de humienta 400 g,400 g,5.25,13.125,Desconocida,frescos
pechuga de pollo cocida en lonchas campofrio finissimas sin gluten y sin lactosa 170 g,170 g,3.19,18.76470588235294,campofrio,frescos
ravioli 4 quesos buitoni 230 g,230 g,3.19,13.869565217391303,buitoni,frescos
mini croissant clasico carrefour 10 ud,10 ud,3.25,0.325,carrefour,frescos
napolitana de crema carrefour 4 ud,4 ud,2.75,0.6875,Desconocida,frescos
preparado de paella de marisco congelado 600 g,600 g,3.99,6.65,carrefour,frescos
entrecot de vacuno carrefour el mercado 500 g aprox,500 g,10.5,21.0,el mercado,frescos
queso fundido en porciones light la vaca que rie sin gluten 250 g,250 g,3.05,12.2,la vaca que rie,frescos
queso rulo de cabra sant maure 180 g,180 g,4.65,25.833333333333336,president,frescos
canelones de carne carrefour el mercado 350 g,350 g,3.3,9.428571428571429,carrefour,frescos
mousse pato medallon aoste pack de 2 unidades de 100 g,pack de 2 unidades de 100 g,4.39,21.949999999999996,Desconocida,frescos
rodaja de merluza argentina ultracongelado carrefour el mercado 450 g,450 g,3.95,8.777777777777779,el mercado,frescos
contramuslos de pollo con piel y hueso carrefour el mercado 1 kg aprox,1 kg,4.06,4.06,el mercado,frescos
jamon curado en taquitos navidul sin gluten pack de 2 unidades de 60 g,pack de 2 unidades de 60 g,2.69,22.416666666666668,navidul,frescos
pate a las finas hierbas classic carrefour sin gluten y sin lactosa 160 g,160 g,1.1,6.875,carrefour,frescos
hamburguesa mini mixta carrefour el mercado 8x35 g,8x35,3.1,0.08857142857142858,carrefour,frescos
pan rustico redondo airos sin gluten y sin lactosa 85 g,85 g,1.09,12.823529411764707,marca nacional sin marca,frescos
cocktail de picos de pan integrales carrefour el mercado 500 g,500 g,2.69,5.38,carrefour,frescos
hamburguesa de vacuno raza frisona carrefour el mercado 240 g,240 g,3.03,12.625,el mercado,frescos
mortadela siciliana en lonchas el pozo sin gluten 225 g,225 g,1.49,6.622222222222222,el pozo,frescos
picos integrales con aceite de oliva y ajonjoli carrefour el mercado 240 g,240 g,1.59,6.625000000000001,carrefour,frescos
queso en lonchas de oveja carrefour 200 g,200 g,3.09,15.45,carrefour,frescos
pechuga de pollo cocida en lonchas noel sin gluten y sin lactosa 110 g,110 g,2.85,25.90909090909091,marca nacional sin marca,frescos
magro de cerdo adobado el pozo 330 g,330 g,2.49,7.545454545454546,el pozo,frescos
zanahoria circulo de calidad 125 g,125 g,0.99,7.92,circulo de calidad,frescos
queso rallado mozzarella margui 300 g,300 g,3.15,10.5,margui,frescos
aguacate con queso de cabra carrefour el mercado 125 g,125 g,2.15,17.2,carrefour,frescos
hamburguesa de pollo y pavo con espinacas carrefour 540 g,540 g,4.89,9.055555555555554,carrefour,frescos
queso de oveja viejo flor de esgueva cuna 250 g,250 g,7.69,30.76,flor de esgueva,frescos
queso iberico semicurado extra carrefour cuna cortada 250 g,250 g,4.65,18.6,carrefour,frescos
rabas enharinadas congeladas 500 g,500 g,4.95,9.9,carrefour,frescos
preparado con aceite de coco y vitamina b12 en lonchas violife sin gluten y sin lactosa 200 g,200 g,3.85,19.25,violife,frescos
pincho moruno de pollo marinado adobado carrefour 310 g,310 g,3.09,9.96774193548387,carrefour,frescos
pan payes pequeno carrefour 400 g,400 g,2.15,5.374999999999999,carrefour,frescos
higaditos y corazones de pollo carrefour el mercado 250 g aprox,250 g,0.87,3.48,el mercado,frescos
queso havarti en lonchas arla 300 g,300 g,5.79,19.3,arla,frescos
higado de ternera fileteado carnicas meca 550 g,550 g,5.5,10.0,carrefour,frescos
escarola rizada 1 ud,1 ud,1.75,1.75,Desconocida,frescos
pate de higado de cerdo tapa negra la piara sin gluten y sin lactosa pack de 3 latas de 87 g,pack de 3 latas de 87 g,3.95,15.134099616858238,la piara,frescos
crema de queso natural arla 200 g,200 g,2.25,11.25,arla,frescos
coco de agua selecta bio peso min 800 g,800 g,2.05,2.5624999999999996,Desconocida,frescos
salchichas alemanas cocidas tipo bratwurst campofrio sin gluten 260 g,260 g,2.79,10.73076923076923,campofrio,frescos
lasana de pollo 350 g,350 g,2.99,8.542857142857144,Desconocida,frescos
salchichon extra con pimienta en lonchas carrefour extra sin gluten 100 g,100 g,1.99,19.9,carrefour,frescos
mortadela ahumada mrm 170 g aprox,170 g,1.44,8.470588235294116,mrm,frescos
chorizo oreado picante carrefour 500 g aprox,500 g,4.32,8.64,carrefour,frescos
tomate cherokee 500 g aprox,500 g,2.37,4.74,Desconocida,frescos
pate de jamon classic carrefour sin gluten y sin lactosa 160 g,160 g,1.1,6.875,carrefour,frescos
pollo asado troceado 13 kg aprox,13 kg,8.38,0.6446153846153847,carrefour,frescos
salchichon iberico extra villar maestros del corte 90 g ,90 g,3.99,44.333333333333336,marca nacional sin marca,frescos
crema de queso brie con trufa president 105 g,105 g,2.05,19.523809523809522,president,frescos
galleta cookie chocolate blanco y frambuesa 1 ud,1 ud,1.05,1.05,Desconocida,frescos
hamburguesa de vacuno carrefour el mercado 6x90 g,6x90,5.79,0.06433333333333334,carrefour,frescos
trucha ahumada arco iris en lonchas carrefour 100 g,100 g,4.19,41.9,carrefour,frescos
bacon sabor ahumado en tiras el pozo sin gluten pack de unidades de 55g,55g,1.65,30.0,El Pozo,frescos
salchicha hot dog campofrio sin gluten sin lactosa 1 kg,1 kg,4.65,4.65,campofrio,frescos
queso tierno light en lonchas el ventero 200 g,200 g,4.69,23.45,el ventero,frescos
jamon cocido extra sin fosfatos en lonchas circulo de calidad 155 g,155 g,2.09,13.483870967741934,circulo de calidad,frescos
queso feta ecologico carrefour bio 180 g,180 g,5.29,29.38888888888889,carrefour bio,frescos
conejo entero circulo de calidad 1250 kg aprox,1250 kg,9.94,0.007951999999999999,circulo de calidad,frescos
crema de queso de untar light philadelphia pack de 2 unidades de 250 g,pack de 2 unidades de 250 g,4.09,8.18,philadelphia,frescos
picos camperos de centeno y quinoa 200 g,200 g,2.55,12.749999999999998,carrefour,frescos
pollo certificado limpio carrefour 2 kg,2 kg,9.78,4.89,carrefour,frescos
salchichas de pollo carrefour 400 g ,400 g,4.49,11.225,carrefour,frescos
berenjena simply 15 kg,15 kg,1.99,0.13266666666666665,simpl,frescos
galletas calabaza chocolate 200 g,200 g,3.95,19.75,marca nacional sin marca,frescos
viruta de patata carrefour 250 g,250 g,3.95,15.8,carrefour,frescos
queso fondue carrefour original 400 g,400 g,4.45,11.125,carrefour,frescos
chorizo blanco en lonchas revilla sin gluten 65 g,65 g,0.99,15.23076923076923,Revilla,frescos
queso fresco de vaca rulo en medallones carrefour classic pack de 2 unidades de 100 g,pack de 2 unidades de 100 g,2.25,11.25,carrefour,frescos
queso comte dop 5 meses curacion carrefour cuna 250 g,250 g,5.45,21.8,carrefour,frescos
morcilla de cebolla oreada carrefour el mercado 350 g aprox,350 g,2.37,6.771428571428572,el mercado,frescos
hamburguesa de vacuno wagyu santa rosalia 2x150 g,2x150,8.75,0.058333333333333334,Desconocida,frescos
bacalao 15 kg aprox,15 kg,14.93,0.9953333333333333,marca nacional sin marca,frescos
lasana bolonesa gratinada carrefour el mercado 700 g,700 g,4.85,6.928571428571429,carrefour,frescos
lomo de salmon calidad y origen carrefour 400 g aprox,400 g,9.96,24.900000000000002,circulo de calidad,frescos
empanada de hojaldre de carne 300 g,300 g,3.3,11.0,carrefour,frescos
pechuga de pollo carrefour el mercado 500 g aprox,500 g,3.24,6.48,el mercado,frescos
barritas de surimi 0 grasa krissia 300 g,300 g,4.65,15.500000000000002,marca nacional sin marca,frescos
mini empanadas argentinas 270 g,270 g,3.95,14.62962962962963,Desconocida,frescos
chicharron frito frial al corte 150 g aprox,150 g,1.56,10.4,Desconocida,frescos
espinazo de cerdo salado carrefour 300 g aprox,300 g,1.62,5.4,carrefour,frescos
salchichas jumbo de queso con bacon oscar mayer sin gluten 335 g,335 g,2.69,8.029850746268655,oscar mayer,frescos
guacamole picante carrefour 200 g,200 g,1.85,9.25,carrefour,frescos
pepitos de azucar carrefour 4 ud,4 ud,3.25,0.8125,Desconocida,frescos
nachos sabor original ecologicos carrefour bio 175 g,175 g,2.55,14.571428571428571,carrefour,frescos
tira de costilla de cerdo carrefour el mercado 700 g aprox,700 g,5.94,8.485714285714288,carrefour,frescos
snack chips jamon serrano snackin for you 20 g,20 g,2.29,114.5,marca nacional sin marca,frescos
morcilla asturiana el chico 250 g,250 g,2.49,9.96,nacional sin marca,frescos
wok de tallarines con pollo al curry carrefour 300 g,300 g,3.55,11.833333333333334,carrefour,frescos
filete de dorada carrefour el mercado 240 g aprox,240 g,5.4,22.500000000000004,carrefour,frescos
queso brie snacking president 180 g,180 g,3.75,20.833333333333336,president,frescos
queso en lonchas curado carrefour 200 g,200 g,3.85,19.25,carrefour,frescos
medallon de babilla de vacuno angus carrefour selection 400 g aprox,400 g,8.76,21.9,carrefour,frescos
solomillo de pollo marinado 450 g aprox,450 g,4.45,9.88888888888889,carrefour,frescos
pan de molde de maiz y semillas de girasol 400 g,400 g,1.88,4.699999999999999,carrefour,frescos
manzana golden ecologica bandeja 4 ud 750 g,750 g,2.85,3.8000000000000003,carrefour bio,frescos
orejas con crema carrefour 4 ud,4 ud,3.75,0.9375,Desconocida,frescos
salchichas de pechuga de pavo king el pozo sin gluten 330 g,330 g,2.15,6.515151515151515,el pozo,frescos
mini ensaimada de azucar carrefour 6 ud,6 ud,3.15,0.525,Desconocida,frescos
champinon ecologico carrefour 300 g aprox,300 g,2.98,9.933333333333334,carrefour bio,frescos
rulo de queso cabra madurado con moho carrefour 200 g aprox,200 g,3.38,16.9,carrefour,frescos
espinacas con pasas y pinones salteados findus 400 g,400 g,4.29,10.725,findus,frescos
papaya 800 g aprox,800 g,4.36,5.45,Desconocida,frescos
roscos de pan almontenos 130 g,130 g,1.42,10.923076923076922,Desconocida,frescos
mix de setas sabor suave carrefour el mercado 1 kg aprox,1 kg,15.29,15.29,carrefour,frescos
hamburguesa de cerdo iberico carrefour el mercado 4x90 g,4x90,3.49,0.03877777777777778,carrefour,frescos
crema de queso camembert carrefour extra sin gluten 125 g,125 g,1.5,12.0,carrefour,frescos
colas de langostino al ajillo aguinamar 105 g,105 g,3.49,33.23809523809524,Desconocida,frescos
pimiento rojo simply 15 kg,15 kg,3.35,0.22333333333333333,simpl,frescos
salami alharce campofrio al corte 250 g aprox,250 g,4.74,18.96,campofrio,frescos
mini palmerita de mantequilla 175 g,175 g,3.75,21.42857142857143,Desconocida,frescos
salmon ahumado noruego marinado carrefour extra 100 g,100 g,4.39,43.89999999999999,carrefour,frescos
migas manchegas carrefour 200 g,200 g,1.7,8.5,carrefour,frescos
boniato para micro bolsa de 400 g,400 g,2.39,5.975,Desconocida,frescos
pera conferencia do rincon de soto 4 uds,4 uds,3.09,0.7725,Desconocida,frescos
raclette en lonchas carrefour 400 g,400 g,5.29,13.225,carrefour,frescos
ensaimadas carrefour 3 ud,3 ud,2.95,0.9833333333333334,Desconocida,frescos
hinojo 1 kg aprox,1 kg,4.09,4.09,Desconocida,frescos
pera conferencia carrefour seleccion 4 ud,4 ud,4.29,1.0725,carrefour seleccion,frescos
naranja de mesa carrefour 1 kg aprox,1 kg,2.19,2.19,carrefour,frescos
limon carrefour el mercado malla de 15 kg,15 kg,2.85,0.19,carrefour,frescos
dorada de racion carrefour 600 g aprox,600 g,5.55,9.25,carrefour,frescos
queso tierno en lonchas carrefour 200 g,200 g,2.05,10.249999999999998,carrefour,frescos
patata lavada 5 kg  1 kg,5 kg,6.6,1.3199999999999998,Desconocida,frescos
jamon curado reducido en sal navidul 45 g,45 g,0.99,22.0,navidul,frescos
chorizo extra dulce carrefour sin gluten 280 g,280 g,2.65,9.464285714285714,carrefour,frescos
canonigos carrefour el mercado 125 g,125 g,1.09,8.72,carrefour,frescos
uva rosada sin pepitas carrefour el mercado bandeja de 500 g,500 g,2.79,5.58,carrefour,frescos
ciruela roja carrefour 1 kg aprox,1 kg,1.95,1.95,carrefour,frescos
berlinas bombon donuts 4 ud,4 ud,2.99,0.7475,donuts,frescos
platano de canarias igp carrefour bio 600g aprox,600g,2.09,3.4833333333333334,carrefour bio,frescos
lomo embuchado en lonchas carrefour sin gluten pack de 4 unidades de 3125 g,pack de 4 unidades de 3125 g,2.45,0.196,carrefour,frescos
boquerones 1 kg aprox,1 kg,8.95,8.95,marca nacional sin marca,frescos
pechuga de pollo entera carrefour 11 kg aprox,11 kg,6.81,0.619090909090909,carrefour,frescos
berlina fondant donuts 204 g,204 g,2.99,14.65686274509804,donuts,frescos
jamon cocido extra en finas lonchas carrefour el mercado sin gluten 2x225 g,2x225,3.35,0.014888888888888889,carrefour,frescos
pan carrefour 5 ud,5 ud,1.19,0.238,carrefour,frescos
costilla de cerdo semicarnuda carrefour 700 g aprox,700 g,3.84,5.485714285714286,el mercado,frescos
queso brie 60 mg carrefour 200 g,200 g,1.75,8.75,carrefour,frescos
patata lavada para todo uso carrefour el mercado 5 kg,5 kg,5.95,1.19,carrefour,frescos
masa de hojaldre carrefour classic 230 g,230 g,1.1,4.782608695652174,carrefour,frescos
tomate natural rallado carrefour 230 g,230 g,1.0,4.3478260869565215,carrefour,frescos
queso cottage natural proteina plus 0 materia grasa carrefour sensation 200 g,200 g,1.59,7.95,carrefour,frescos
queso semicurado gran capitan cuna 365 g,365 g,7.89,21.616438356164384,gran capitan,frescos
careta de cerdo elpozo 350 g aprox,350 g,1.95,5.571428571428572,carrefour,frescos
queso gouda viejo carrefour extra sin lactosa 250 g,250 g,3.99,15.96,carrefour,frescos
salchichas frankfurt el pozo sin gluten pack de 3 unidades 160 g,pack de 3 unidades,1.99,0.6633333333333333,el pozo,frescos
napolitana de mantequilla y chocolate carrefour 6 ud,6 ud,3.65,0.6083333333333333,carrefour,frescos
alhondigas de pollo y pavo carrefour el mercado 414 g,414 g,3.61,8.719806763285025,carrefour,frescos
queso iberico curado extra carrefour cuna cortada 250 g,250 g,4.85,19.4,carrefour,frescos
queso puro de oveja viejo graso flor de esgueva cuna 400 g,400 g,12.79,31.974999999999998,flor de esgueva,frescos
pechuga de pollo en lonchas elpozo sin gluten 225 g,225 g,2.95,13.11111111111111,el pozo,frescos
pepitos con crema de cacao carrefour envase 4 ud,4 ud,3.25,0.8125,marca nacional sin marca,frescos
jamon curado reserva 4 estaciones navidul pieza de 8 kg aprox,8 kg,79.0,9.875,navidul,frescos
queso de mezcla semicurado gran capitan cuna cortada de 230 g aprox,230 g,6.45,28.043478260869566,gran capitan,frescos
queso rallado proteina plus sensation carrefour sin gluten 150 g,150 g,2.79,18.6,carrefour,frescos
ensaladilla rusa 800 g,800 g,4.8,5.999999999999999,carrefour,frescos
crema de queso cheddar president 125 g,125 g,2.05,16.4,president,frescos
queso edam en porciones mini babybel sin gluten sin lactosa 120 g,120 g,3.35,27.916666666666668,mini babybel,frescos
callos a la madrilena de nuestra tierra 500 g,500 g,4.05,8.1,de nuestra tierra,frescos
queso fresco ricotta trentin 250 g,250 g,2.39,9.56,Desconocida,frescos
paleta curada reserva carrefour taco de 200 g,200 g,5.29,26.45,carrefour,frescos
jamon cocido al corte carrefour el mercado 150 g aprox,150 g,1.62,10.8,carrefour,frescos
mortadela carrefour el mercado sin gluten pieza de 800 g,800 g,3.25,4.0625,carrefour,frescos
queso gouda en lonchas arla 150 g,150 g,3.55,23.666666666666668,arla,frescos
crema de queso para untar con salmon philadelphia 150 g,150 g,2.69,17.933333333333334,philadelphia,frescos
pate de salmon casa tarradellas sin gluten 125 g,125 g,1.39,11.12,casa tarradellas,frescos
bizcochitos tosta rica 125 g,125 g,3.35,26.8,tosta rica,frescos
berlinas rellenas carrefour 300 g 4 ud de 75 g,300 g,3.25,10.833333333333334,carrefour,frescos
hamburguesa de pollo de corral y espinacas  2x125 g,2x125,3.85,0.0308,Desconocida,frescos
jamon cocido extra receta artesana el pozo sin gluten y sin lactosa 170 g,170 g,3.75,22.058823529411764,el pozo,frescos
salchichon extra de leon palcarsa sin gluten y sin lactosa 100g,100g,2.25,22.5,Desconocida,frescos
churrasco de vacuno carrefour el mercado 500 g aprox,500 g,7.13,14.26,el mercado,frescos
salchichas de pollo campero del corral coren 350 g,350 g,5.25,15.000000000000002,Coren,frescos
costilla iberica fresca carrefour 900 g aprox,900 g,8.0,8.88888888888889,carrefour,frescos
pimientos del piquillo relleno de bacalao congelados carrefour 400 g,400 g,4.39,10.974999999999998,carrefour,frescos
queso de cabra tierno carrefour classic 200 g,200 g,4.39,21.949999999999996,carrefour,frescos
pechuga de pavo en lonchas noel grand bouquet sin gluten y sin lactosa 140 g,140 g,2.65,18.928571428571427,noel,frescos
salpicon de marisco con vinagreta carrefour el mercado 400 g,400 g,4.95,12.375,Desconocida,frescos
queso fresco natural campolindo 500 g,500 g,3.85,7.7,campolindo,frescos
hamburguesa de vaca madurada el mercado 180 g,180 g,2.9,16.11111111111111,el mercado,frescos
lomo de sajonia de cerdo fileteado elpozo 350 g ,350 g,3.29,9.4,el pozo,frescos
jamon cocido extra en finas lonchas noel delizias sin gluten y sin lactosa 90 g,90 g,2.79,31.0,marca nacional sin marca,frescos
cebolla caramelizada extra carrefour 240 g,240 g,1.92,8.0,carrefour,frescos
fuetis snacks original casademont sin gluten 50 g,50 g,1.55,31.0,casademont,frescos
chorizo iberico extra villa rmaestros del corte  90 g ,90 g,3.99,44.333333333333336,marca nacional sin marca,frescos
chorizo de cerdo iberico oreado carrefour el mercado 400 g aprox,400 g,4.72,11.799999999999999,carrefour,frescos
queso mozzarella en lonchas galbani 100 g,100 g,1.64,16.4,galbani,frescos
patatas cocida y pelada huercasa 500 g,500 g,2.19,4.38,Desconocida,frescos
jamon cocido extra en lonchas ferrarini sin gluten y sin lactosa 100 g,100 g,3.55,35.49999999999999,Desconocida,frescos
croquetas de pollo 10 ud,10 ud,4.4,0.44000000000000006,carrefour,frescos
papel higienico triple rollo de 2 capas carrefour 4 rollos,4 rollos,2.29,0.5725,carrefour,limpiezadelhogar
servilletas 1 capa 200 ud simpl,200 ud,1.21,0.00605,simpl,limpiezadelhogar
papel de cocina resistente maxi roll carrefour 1 rollo,1 rollo,2.89,2.89,carrefour,limpiezadelhogar
papel higienico humedo aloe vera carrefour 100 ud,100 ud,1.55,0.0155,carrefour,limpiezadelhogar
bolsas de basura lavanda plastico reciclado carrefour essential 30 l 20 ud,30 l,1.45,0.04833333333333333,carrefour essential,limpiezadelhogar
papel higienico compact doble rollo carrefour 12 rollos,12 rollos,4.49,0.3741666666666667,carrefour,limpiezadelhogar
detergente liquido marsella y flores de naranjo essential carrefour 80 lavados,80 lavados,5.29,0.066125,carrefour essential,limpiezadelhogar
papel higienico 3 capas ultra confort carrefour 12 rollos ,12 rollos,5.99,0.4991666666666667,carrefour,limpiezadelhogar
lejia uso domestico carrefour 2 l,2 l,0.74,0.37,carrefour,limpiezadelhogar
panuelo mini confort carrefour soft paquete 15 ud,15 ud,1.58,0.10533333333333333,carrefour,limpiezadelhogar
vinagre de limpieza multiusos carrefour essential 1 l,1 l,0.9,0.9,carrefour,limpiezadelhogar
bolsa basura para cubo cocina de plastico reciclado 30l 40 ud carrefour essential ,30l,1.65,0.055,carrefour essential,limpiezadelhogar
lavavajillas a mano power clean carrefour expert 1 l,1 l,1.45,1.45,carrefour,limpiezadelhogar
papel higienico 2 capas simpl choice 12 rollos,12 rollos,2.05,0.1708333333333333,simpl,limpiezadelhogar
papel higienico suave y grueso supreme confort deco carrefour 8 rollos,8 rollos,3.39,0.42375,carrefour,limpiezadelhogar
lejia perfumada con detergente aroma marino carrefour 2 l,2 l,1.15,0.575,carrefour,limpiezadelhogar
suavizante concentrado azul essential carrefour 80 lavados,80 lavados,1.8,0.0225,carrefour,limpiezadelhogar
papel de cocina resistente jumbo roll carrefour 1 rollo,1 rollo,3.59,3.59,carrefour,limpiezadelhogar
panuelos con locion suavizante carrefour 200 ud ,200 ud,1.25,0.00625,carrefour,limpiezadelhogar
lavavajillas a mano power clean carrefour expert 500 ml,500 ml,0.95,1.9,carrefour,limpiezadelhogar
papel aluminio carrefour 30 metros,1 paquete,2.15,2.15,carrefour,limpiezadelhogar
papel de cocina compact carrefour 3 rollos,3 rollos,2.29,0.7633333333333333,carrefour,limpiezadelhogar
papel higienico 2 capas carrefour confort 12 rollos,12 rollos,2.49,0.20750000000000002,carrefour,limpiezadelhogar
bolsa basura auto cierre para cubo grande de plastico reciclado 50l 15 ud carrefour essential   blanco,50l,1.6,0.032,carrefour essential,limpiezadelhogar
friegasuelos concentrado multi superficies super perfumado multiusos aroma gold disiclin 1000 ml,1000 ml,2.15,2.15,disiclin,limpiezadelhogar
limpiador de bano don limpio 15 l,15 l,3.85,0.25666666666666665,don limpio,limpiezadelhogar
quitagrasas citrico kh 7 780 ml,780 ml,4.05,5.192307692307692,kh 7,limpiezadelhogar
limpiador desinfectante suelos y superficies sanytol 12 l,12 l,3.39,0.28250000000000003,sanytol,limpiezadelhogar
film transparente carrefour 100 metros,1 paquete,2.29,2.29,carrefour,limpiezadelhogar
lavavajillas a mano aloe vera y pepino limpieza y cuidado fairy 650 ml,650 ml,2.49,3.830769230769231,fairy limpieza  cuidado,limpiezadelhogar
caja de panuelos deco carrefour 60 ud,60 ud,1.72,0.028666666666666667,carrefour,limpiezadelhogar
limpiador desinfectante banos poder antical sin lejia sanytol 750 ml,750 ml,3.49,4.653333333333333,sanytol,limpiezadelhogar
fregona hilo microfibra carrefour   bicolor,1 paquete,1.49,1.49,carrefour,limpiezadelhogar
limpiamaquinas lavavajillas power 2en1 carrefour expert 250 ml,250 ml,1.55,6.2,carrefour,limpiezadelhogar
lejia efecto antirrotura carrefour 2 l,2 l,1.36,0.68,carrefour,limpiezadelhogar
set 3 estropajo con esponja carrefour,1 paquete,0.9,0.9,carrefour expert,limpiezadelhogar
friegasuelos flor delicada don limpio 15 l ,15 l,3.85,0.25666666666666665,don limpio,limpiezadelhogar
guante satinado de latex carrefour  m 2 ud   amarillo,2 ud,0.7,0.35,carrefour,limpiezadelhogar
gel para lavavajillas all in 1 carrefour expert 32 lavados,32 lavados,2.99,0.0934375,carrefour,limpiezadelhogar
papel de aluminio albal 30 metros,1 paquete,5.09,5.09,albal,limpiezadelhogar
antihumedad recambio carrefour expert 1 ud,1 ud,2.1,2.1,carrefour,limpiezadelhogar
quitagrasas recambio kh 7 780 ml,780 ml,3.45,4.423076923076923,kh 7,limpiezadelhogar
limpiador desinfectante de banos sin lejia carrefour 750 ml,750 ml,1.55,2.066666666666667,carrefour,limpiezadelhogar
pila 8 ud  slimp lr03 nn ,8 ud,1.59,0.19875,simpl,limpiezadelhogar
colgador wc poder activo aroma limon bref 2 ud,2 ud,2.79,1.395,bref,limpiezadelhogar
papel de horno en rollo carrefour 15 metros,1 paquete,2.09,2.09,carrefour,limpiezadelhogar
gel para lavavajillas todo en 1 carrefour 900 ml,900 ml,4.25,4.722222222222222,carrefour,limpiezadelhogar
papel higienico megarollo scottex 24 rollos,x 24,16.05,0.6687500000000001,scottex megarollo,limpiezadelhogar
lejia perfumada con detergente frescor marino carrefour 5 l,5 l,2.75,0.55,carrefour,limpiezadelhogar
fregona tiras carrefour home   estampado,1 paquete,1.09,1.09,carrefour,limpiezadelhogar
plato de postre de vidrio opal simpl 18 cm,1 paquete,0.99,0.99,simpl,limpiezadelhogar
palo de acero carrefour 22x22x130 cm,22x22,0.99,0.045,carrefour,limpiezadelhogar
pila 8 ud  slimp lr06 nn,8 ud,1.59,0.19875,simpl,limpiezadelhogar
quitamanchas ropa oxi blanco expert carrefour 1 kg,1 kg,3.09,3.09,carrefour,limpiezadelhogar
bolsa de basura plastico reciclado especial jardin carrefour essential 100l 10 ud,100l,2.65,0.0265,carrefour essential,limpiezadelhogar
suavizante concentrado lavanda essential carrefour 80 lavados,80 lavados,1.8,0.0225,carrefour,limpiezadelhogar
lavavajillas a mano ultra fairy 1410 ml,1410 ml,5.39,3.8226950354609928,fairy ultra,limpiezadelhogar
bolsas de basura residuos organicos carrefour essential 20l 20 ud,20l,1.25,0.0625,carrefour essential,limpiezadelhogar
insecticida moscas y mosquitos carrefour 750 ml,750 ml,2.25,3.0,carrefour,limpiezadelhogar
bolsas de congelacion grandes carrefour 15 ud,15 ud,1.3,0.08666666666666667,carrefour,limpiezadelhogar
limpiador en gel para el bano carrefour expert 15 l,15 l,1.47,0.098,carrefour,limpiezadelhogar
ambientador de varillas flor de jazmin carrefour 45 ml,45 ml,2.35,52.22222222222223,carrefour,limpiezadelhogar
detergente liquido aloe vera y flores de almendra dulce essential carrefour 44 lavados,44 lavados,3.39,0.07704545454545454,carrefour essential,limpiezadelhogar
suavizante concentrado azul essential carrefour 136 lavados,136 lavados,3.09,0.022720588235294117,carrefour essential,limpiezadelhogar
gel desatascador tuberias expert carrefour 1 l,1 l,1.85,1.85,carrefour,limpiezadelhogar
gamuza atrapa polvo carrefour 20 ud,20 ud,1.2,0.06,carrefour,limpiezadelhogar
papel de cocina tornado azul foxy 1 rollo,1 rollo,5.59,5.59,foxy tornado,limpiezadelhogar
friegasuelos concentrado cian avevi 950 ml,950 ml,2.19,2.305263157894737,asevi,limpiezadelhogar
gel wc desincrustante flor de cerezo carrefour expert 1 l,1 l,1.15,1.15,carrefour expert,limpiezadelhogar
toallitas anti transferencia del color carrefour 20 ud,20 ud,1.85,0.0925,carrefour,limpiezadelhogar
lejia neutrex futura 19 l,19 l,3.45,0.18157894736842106,neutrex,limpiezadelhogar
ambientador de varillas absorbeolores bano carrefour 45 ml,45 ml,2.35,52.22222222222223,carrefour,limpiezadelhogar
papel higienico humedo sensitive carrefour 70 ud,70 ud,1.75,0.025,carrefour,limpiezadelhogar
detergente liquido japon flor de cerezo essential carrefour 44 lavados,44 lavados,3.39,0.07704545454545454,carrefour essential,limpiezadelhogar
friegasuelos ph neutro multisuperficies essential carrefour 15 l,15 l,1.75,0.11666666666666667,carrefour essential,limpiezadelhogar
ambientador automatico ropa limpia recambio essential carrefour 1 ud,1 ud,1.8,1.8,carrefour essential,limpiezadelhogar
papel de cocina jumbo scottex 1 rollo,x 1,3.59,3.59,scottex jumbo,limpiezadelhogar
fregona algodon carrefour,1 paquete,1.09,1.09,carrefour,limpiezadelhogar
ambientador de varillas frutos rojos carrefour 45 ml,45 ml,2.35,52.22222222222223,carrefour,limpiezadelhogar
quitamanchas en polvo para ropa oxigen power carrefour 1 kg,1 kg,3.09,3.09,carrefour,limpiezadelhogar
ambientador automatico flor de cerezo recambio essential carrefour 1 ud,1 ud,1.8,1.8,carrefour essential,limpiezadelhogar
set 50 platos desechables de carton 23 cm carrefour home,1 paquete,2.99,2.99,carrefour home,limpiezadelhogar
lavavajillas a mano para pieles sensibles 0 perfume ecologico carrefour eco planet 500 ml,500 ml,1.24,2.48,carrefour eco planet,limpiezadelhogar
panuelos original scottex caja de 70 ud,70 ud,1.69,0.024142857142857143,scottex,limpiezadelhogar
lejia densoactiva perfume menta carrefour 2 l,2 l,1.2,0.6,carrefour,limpiezadelhogar
alcohol 96 perfumado en spray limpiador superficies expert carrefour 400 ml,400 ml,2.15,5.374999999999999,carrefour,limpiezadelhogar
papel aluminio reforzado carrefour 20 metros,1 paquete,3.05,3.05,carrefour,limpiezadelhogar
ambientador automatico manzana canela recambio essential carrefour 1 ud,1 ud,1.8,1.8,carrefour essential,limpiezadelhogar
insecticida electrico antimosquitos liquido recambio carrefour 1 ud,1 ud,1.9,1.9,carrefour,limpiezadelhogar
detergente en pastillas blanco puro puntomatic 8 ud,8 ud,1.1,0.1375,puntomatic,limpiezadelhogar
limpiador madera expert carrefour 1 l,1 l,1.55,1.55,carrefour expert,limpiezadelhogar
colgador wc con lejia aroma limon verde carrefour 2 ud,2 ud,1.25,0.625,carrefour,limpiezadelhogar
detergente liquido poder quitamanchas ariel platinum 40 lavados ,40 lavados,18.99,0.47474999999999995,ariel,limpiezadelhogar
bolsas de basura resistente y antigoteo 100 reciclado handy bag 30l 20 uds,30l,4.69,0.15633333333333335,handy bag,limpiezadelhogar
ambientador spray frutos rojos essential carrefour 300 ml,300 ml,1.15,3.833333333333333,carrefour essential,limpiezadelhogar
papel cocmaxiroll crf 6 rollo,6 rollo,4.55,0.7583333333333333,carrefour,limpiezadelhogar
friegasuelos aroma lavanda xanpa 1 l,1 l,1.87,1.87,xanpa,limpiezadelhogar
bolsas multiusos cierre cremallera carrefour expert 25 ud,25 ud,2.09,0.0836,carrefour,limpiezadelhogar
desengrasante multiusos perfumado el milagrito 1 l,1 l,2.59,2.59,el milagrito,limpiezadelhogar
film transparente albal 30 metros,1 paquete,2.49,2.49,albal,limpiezadelhogar
gel wc verde desincrustante carrefour 1 l,1 l,1.15,1.15,carrefour,limpiezadelhogar
friegasuelos concentrado naranja avevi 950 ml,950 ml,2.19,2.305263157894737,asevi,limpiezadelhogar
pellet madera enplus a1 15 kg carrefour,15 kg,4.95,0.33,carrefour,limpiezadelhogar
gel limpiador power con lejia carrefour expert 15 l,15 l,1.9,0.12666666666666665,carrefour,limpiezadelhogar
quitamanchas textil oxygen power carrefour expert 500 ml,500 ml,1.27,2.54,carrefour,limpiezadelhogar
panuelos family kleenex caja 128 ud,128 ud,2.89,0.022578125,kleenex,limpiezadelhogar
toallitas para gafas clean optic carrefour expert 30 ud,30 ud,1.5,0.05,carrefour expert,limpiezadelhogar
lejia densa hogar carrefour 5 l,5 l,3.15,0.63,carrefour,limpiezadelhogar
ambientador electrico ropa limpia essential recambio carrefour 1 ud,1 ud,1.28,1.28,carrefour essential,limpiezadelhogar
papel higienico 2 capas confort carrefour essential 32 rollos,32 rollos,6.59,0.2059375,carrefour,limpiezadelhogar
colgador wc poder activo natura bref 3 ud,3 ud,3.89,1.2966666666666666,bref,limpiezadelhogar
limpiamaquinas finish 250 ml,250 ml,3.95,15.8,finish,limpiezadelhogar
papel higienico humedo aloe vera carrefour 15 ud,15 ud,0.8,0.05333333333333334,carrefour,limpiezadelhogar
set de 20 vasos carton nupik naturgo 290 cc   blanco,1 paquete,1.83,1.83,nupik,limpiezadelhogar
fregona super 30 microfibras vileda ,1 paquete,3.39,3.39,vileda,limpiezadelhogar
limpiador de suciedad y manchas de humedad para banos y juntas negras cillit bang 750 ml,750 ml,5.05,6.733333333333333,cillit bang,limpiezadelhogar
bolsas de basura ultra resistente carrefour expert 50l 15 ud,50l,2.59,0.0518,carrefour expert,limpiezadelhogar
bolsas de basura ultra resistente carrefour expert 30l 20 ud,30l,1.49,0.049666666666666665,carrefour expert,limpiezadelhogar
set 20 tenedores reutilizables nupik,1 paquete,1.95,1.95,nupik,limpiezadelhogar
limpia muebles pronto 250 ml,250 ml,2.89,11.56,pronto,limpiezadelhogar
fregona superabsorbente spulance carrefour home ,1 paquete,1.35,1.35,carrefour,limpiezadelhogar
limpiador multiusos aroma frescor carrefour expert 750 ml,750 ml,1.95,2.6,carrefour expert,limpiezadelhogar
gel desatascador turbo tuberias carrefour expert 500 ml,500 ml,1.7,3.4,carrefour,limpiezadelhogar
set 2 estropajos fibra verde con celulosa multiusos carrefour,1 paquete,1.69,1.69,carrefour,limpiezadelhogar
6 bayetas multiusos  carrefour     amarilla,1 paquete,1.64,1.64,carrefour,limpiezadelhogar
set 2 estropajos salvaunas antibacterias vileda plus,1 paquete,3.05,3.05,vileda,limpiezadelhogar
quitamanchas sin manchas recambio kh 7 780 ml,780 ml,4.65,5.961538461538462,kh 7,limpiezadelhogar
ambientador para coche olor frutos rojos carrefour 1 ud,1 ud,1.48,1.48,carrefour,limpiezadelhogar
friegasuelos multi superficies frescor intenso higieniza y perfuma aroma lavanda disiclin 1000 ml,1000 ml,1.93,1.93,disiclin,limpiezadelhogar
suavizante concentrado nutrive essential carrefour 80 lavados,80 lavados,1.8,0.0225,carrefour,limpiezadelhogar
set de 3 estropajos salvaunas scotch brite classic,1 paquete,2.35,2.35,scotch brite,limpiezadelhogar
quitamanchas ropa blanca en gel oxy power carrefour 2 l,2 l,1.75,0.875,carrefour,limpiezadelhogar
palo antideslizante de acero carrefour 22x22x140 cm,22x22,1.75,0.07954545454545454,carrefour,limpiezadelhogar
colgador wc antical perfume pino carrefour expert 2 ud,2 ud,1.47,0.735,carrefour expert,limpiezadelhogar
papel higienico acolchado scottex 9 rollos,x 9,4.95,0.55,scottex acolchado,limpiezadelhogar
panuelos 4 capas sensitive carrefour 80 us,1 paquete,2.35,2.35,carrefour,limpiezadelhogar
fregasuelos para madera con aceite de cascara de naranja don limpio 15 l,15 l,3.85,0.25666666666666665,don limpio,limpiezadelhogar
detergente liquido para ropa de bebe sin alergenos norit 32 lavados,32 lavados,4.19,0.1309375,norit,limpiezadelhogar
papel de cocina  love the bee foxy 2 rollos,2 rollos,2.19,1.095,foxy,limpiezadelhogar
lavavajillas a maquina platinum plus pastillas todo en uno limon fairy 48 ud,48 ud,18.35,0.3822916666666667,fairy platinum plus,limpiezadelhogar
velon ilumnacion 15x57 cm   blanco,15x57,1.2,0.021052631578947368,roura,limpiezadelhogar
ambientador para coche oceano carrefour 1 ud,1 ud,1.48,1.48,carrefour,limpiezadelhogar
ambientador electrico manzana canela essential recambio carrefour 1 ud,1 ud,1.41,1.41,carrefour essential,limpiezadelhogar
ambientador difusor electrico  recambio olor ropa limpia essential carrefour 1 ud,1 ud,2.19,2.19,carrefour essential,limpiezadelhogar
lavavajillas a mano ultra poder fairy 650 ml,650 ml,4.65,7.153846153846154,fairy ultra poder,limpiezadelhogar
suavizante concentrado spa essential carrefour 80 lavados,80 lavados,1.8,0.0225,carrefour,limpiezadelhogar
set 100 servilletas blancas 2 capas 33x33 cm carrefour home,33x33,1.55,0.046969696969696974,carrefour home,limpiezadelhogar
gel wc eucalipto carrefour 1 l,1 l,1.15,1.15,carrefour,limpiezadelhogar
friegasuelos aroma pino essential carrefour 15 l,15 l,0.95,0.06333333333333332,carrefour essential,limpiezadelhogar
bolsas de basura pino plastico reciclado carrefour essential 30 l 20 ud,30 l,1.45,0.04833333333333333,carrefour essential,limpiezadelhogar
lejia con detergente limon especial cocinas carrefour 2 l,2 l,1.15,0.575,carrefour,limpiezadelhogar
papel de cocina deco compact carrefour essential 3 rollos,3 rollos,2.29,0.7633333333333333,carrefour,limpiezadelhogar
lavavajillas a mano ultra original fairy 615 ml,615 ml,2.69,4.373983739837398,fairy ultra,limpiezadelhogar
papel de cocina doble capa simpl choice 4 ud,4 ud,2.09,0.5225,simpl,limpiezadelhogar
papel higienico compact doble rollo carrefour 24 rollos,24 rollos,8.59,0.35791666666666666,carrefour,limpiezadelhogar
detergente liquido marsella y flores de naranjo essential carrefour 44 lavados,44 lavados,3.39,0.07704545454545454,carrefour essential,limpiezadelhogar
servilletas 2 capas de celulosa 100 ud carrefour home   blanca decoradas,100 ud,2.19,0.0219,carrefour home,limpiezadelhogar
servilletas de 3 capas desechables de papel 50 uds 33x33 cm carrefour home blanca,33x33,1.4,0.04242424242424242,carrefour home,limpiezadelhogar
papel higienico acolchado scottex 32 rollos,x 32,16.89,0.5278125,scottex acolchado,limpiezadelhogar
lejia hogar densa carrefour 2 l,2 l,1.26,0.63,carrefour,limpiezadelhogar
colgador wc fresh ocean carrefour expert 2 ud,2 ud,1.36,0.68,carrefour expert,limpiezadelhogar
bolsas de basura envases plastico reciclado carrefour essential 30 l 30 ud,30 l,1.65,0.055,carrefour essential,limpiezadelhogar
papel de horno en hojas carrefour 20 ud,20 ud,1.11,0.05550000000000001,carrefour,limpiezadelhogar
amoniaco perfumado carrefour 15 l,15 l,0.75,0.05,carrefour,limpiezadelhogar
tissues classic 3 capas carrefour 110 ud,110 ud,2.15,0.019545454545454543,carrefour,limpiezadelhogar
film transparente con sierra de corte carrefour 60 metros,1 paquete,1.72,1.72,carrefour,limpiezadelhogar
panuelos mini lotion carrefour soft paquete 10 ud,10 ud,1.6,0.16,carrefour soft,limpiezadelhogar
estropajo salvaunas multiusos accion desincrustante carrefour expert 3 ud   verde,3 ud,0.75,0.25,carrefour,limpiezadelhogar
limpiador antical liquido viakal 700 ml,700 ml,4.79,6.842857142857143,viakal,limpiezadelhogar
2 guantes satinados de latex carrefour  p   amarillo,1 paquete,0.7,0.7,carrefour,limpiezadelhogar
abrillantador para lavavajillas finish powerball 500 ml,500 ml,5.65,11.3,finish,limpiezadelhogar
set de  servilletas  1 capa de celulosa renova red label 140pz   color y decoradas,1 paquete,2.05,2.05,renova,limpiezadelhogar
detergente en polvo jabon de marsella carrefour essential 50 lavados,50 lavados,6.09,0.12179999999999999,carrefour essential,limpiezadelhogar
papel higienico acolchado carrefour 9 rollos,9 rollos,6.15,0.6833333333333333,carrefour,limpiezadelhogar
ambientador de armario aire limpio ambar 1 ud,1 ud,1.32,1.32,ambar,limpiezadelhogar
toallitas multiusos limpieza carrefour 40 ud,40 ud,1.92,0.048,carrefour,limpiezadelhogar
set 50 servilletas blancas 2 capas 20x20 cm carrefour home,20x20,0.55,0.027500000000000004,carrefour home,limpiezadelhogar
palillo rendondo 2 puntas 130 ud   madera,130 ud,1.49,0.011461538461538462,unic,limpiezadelhogar
ambientador spray flor de cerezo essential carrefour 300 ml,300 ml,1.15,3.833333333333333,carrefour,limpiezadelhogar
jabon en pastillas natural lagarto pack de 3 unidades de 200 g,pack de 3 unidades de 200 g,3.45,5.750000000000001,lagarto,limpiezadelhogar
panuelos 3 capas original scottex 15 ud,x 15 ud,2.59,0.17266666666666666,scottex,limpiezadelhogar
suavizante concentrado azul vital mimosin 105 lavados,105 lavados,6.69,0.06371428571428572,mimosin,limpiezadelhogar
lavavajillas a mano profesional fairy 5 l,5 l,15.35,3.07,fairy,limpiezadelhogar
detergente liquido frescor alpino ariel 40  lavados,40  lavados,19.45,0.48624999999999996,ariel alpine,limpiezadelhogar
servilletas de 2 capas desechables de papel 100 uds 33x32 cm  carrefour home decorado,33x32,2.19,0.0684375,carrefour home,limpiezadelhogar
quitamanchas en spray sin manchas oxy effect kh 7 750 ml,750 ml,4.99,6.653333333333333,kh 7,limpiezadelhogar
suavizante concentrado dulzzia carrefour essential 80 lavados,80 lavados,1.93,0.024125,carrefour essential,limpiezadelhogar
lavavajillas a maquina en pastillas naranja fairy 35 ud,35 ud,5.95,0.17,fairy clean  fresh,limpiezadelhogar
papel higienico confort fresh carrefour 12 rollos,12 rollos,3.95,0.32916666666666666,carrefour,limpiezadelhogar
perfumador intensificador de fragancia carrefour essential 36 lavados,36 lavados,3.15,0.0875,carrefour,limpiezadelhogar
gel wc spa carrefour expert 1 l,1 l,1.15,1.15,carrefour expert,limpiezadelhogar
ambientador mikado fragancia vainilla y coco carrefour essential 1 ud,1 ud,2.35,2.35,carrefour,limpiezadelhogar
limpiador bano antical expert carrefour 750 ml,750 ml,1.6,2.1333333333333333,carrefour,limpiezadelhogar
ambientador automatico lavanda recambio essential carrefour 1 ud,1 ud,1.8,1.8,carrefour essential,limpiezadelhogar
suavizante concentrado dreams sensations asevi 60 lavados ,60 lavados,2.45,0.04083333333333334,asevi,limpiezadelhogar
suavizante concentrado premium gold carrefour essential 48 lavados,48 lavados,2.35,0.04895833333333333,carrefour essential,limpiezadelhogar
limpiador vitroceramica e induccion en crema vitroclen 450 ml,450 ml,5.25,11.666666666666666,vitroclen,limpiezadelhogar
30 guantes desechables de nitrilo carrefour  mg   azul,1 paquete,2.95,2.95,carrefour,limpiezadelhogar
panuelos cubo collection kleenex caja de 48 ud,48 ud,2.15,0.04479166666666667,kleenex collection,limpiezadelhogar
limpiahogar multisuperficies con oxigeno activo chubb 1 l,1 l,1.58,1.58,chubb,limpiezadelhogar
lejia frescor verde neutrex 19 l,x 19,3.35,0.1763157894736842,neutrex,limpiezadelhogar
lavavajillas a mano desengrasante limon carrefour expert 1 l,1 l,1.42,1.42,carrefour,limpiezadelhogar
limpia lavadoras carrefour 250 ml,250 ml,1.95,7.8,carrefour,limpiezadelhogar
friegasuelos concentrado citrico carrefour expert 1 l,1 l,1.6,1.6,carrefour expert,limpiezadelhogar
ambientador electrico flores de cerezo essential recambio carrefour 1 ud,1 ud,1.28,1.28,carrefour essential,limpiezadelhogar
colgador wc fresh ocean carrefour expert 3 ud,3 ud,2.15,0.7166666666666667,carrefour expert,limpiezadelhogar
escoba multiusos  vigar    surtido,1 paquete,2.59,2.59,vigar,limpiezadelhogar
2 guantes satinados de latex carrefour  g   amarillo,1 paquete,0.7,0.7,carrefour,limpiezadelhogar
detergente liquido quitamanchas expert carrefour 44 lavados,44 lavados,4.49,0.10204545454545455,carrefour expert,limpiezadelhogar
colgador wc antical perfume floral carrefour expert 2 ud,2 ud,1.3,0.65,carrefour expert,limpiezadelhogar
lavavajillas a maquina en pastillas perfume limon todo en uno carrefour expert 60 ud,60 ud,5.85,0.09749999999999999,carrefour expert,limpiezadelhogar
limpiador desinfectante quitagrasas sanytol 750 ml,750 ml,3.65,4.866666666666666,sanytol,limpiezadelhogar
detergente liquido frescor sensaciones ariel 40 lavados,40 lavados,18.05,0.45125000000000004,ariel  sensaciones,limpiezadelhogar
suavizante concentrado esencia para recordar san 59 lavados,59 lavados,2.45,0.041525423728813564,san,limpiezadelhogar
detergente liquido prendas delicadas norit 37 lavados,37 lavados,4.45,0.12027027027027028,norit,limpiezadelhogar
 detergente en liquido azul wipp express 43 lavados,43 lavados,15.05,0.35000000000000003,wipp,limpiezadelhogar
toallitas desinfectantes multiusos sin lejia sanytol 30 ud,30 ud,2.55,0.08499999999999999,sanytol,limpiezadelhogar
ambientador de mecha ropa limpia carrefour essential 375 ml,375 ml,1.64,4.373333333333333,carrefour essential,limpiezadelhogar
set 2 almohadillas cocina esponja forrada superficie delicada carrefour,1 paquete,0.95,0.95,carrefour,limpiezadelhogar
ambientador lavavajillas limon carrefour expert 2 ud,2 ud,1.5,0.75,carrefour expert,limpiezadelhogar
detergente gel extra frescor nenuco colon 60 lavados,60 lavados,14.89,0.24816666666666667,colon,limpiezadelhogar
panuelos collection kleenex 15 ud,x 15 ud,2.79,0.186,kleenex collection,limpiezadelhogar
papel de cocina megarollo scottex 3 rollos,x 3,2.99,0.9966666666666667,scottex megarollo,limpiezadelhogar
bolsas de basura ultra resistente carrefour expert 100l 10 ud,100l,2.99,0.029900000000000003,carrefour expert,limpiezadelhogar
papel de cocina adapt colhogar 3 rollos,3 rollos,3.09,1.03,colhogar adapt,limpiezadelhogar
detergente liquido original ariel 60 lavados,60 lavados,21.7,0.36166666666666664,ariel original,limpiezadelhogar
lejia blanca neutrex 19 l,x 19,3.29,0.1731578947368421,neutrex,limpiezadelhogar
vela perfumada de vainilla carrefour essential 1 ud,1 ud,1.85,1.85,carrefour essential,limpiezadelhogar
bayeta especial de microfibra  carrefour     azul,1 paquete,0.85,0.85,carrefour,limpiezadelhogar
limpiahogar multisuperficies con bioalcohol tenn 13 l,13 l,3.59,0.27615384615384614,tenn,limpiezadelhogar
lejia lavadora carrefour 5 lt,1 paquete,2.49,2.49,carrefour,limpiezadelhogar
abrillantador para lavavajillas finish powerball 800 ml,800 ml,8.25,10.3125,finish,limpiezadelhogar
ambientador de varillas colonia carrefour 45 ml,45 ml,2.35,52.22222222222223,carrefour,limpiezadelhogar
papel higienico ecologico carrefour eco planet 4 rollos,4 rollos,3.69,0.9225,carrefour eco planet,limpiezadelhogar
suavizante concentrado vainilla y orquidea essential carrefour 80 lavados,80 lavados,1.8,0.0225,carrefour,limpiezadelhogar
escoba de interior antichoque carrefour   gris,1 paquete,3.95,3.95,carrefour,limpiezadelhogar
2 guantes flocados de latex carrefour  m   rosa,1 paquete,1.56,1.56,carrefour,limpiezadelhogar
suavizante concentrado pasion y tiare sensations asevi 60 lavados,60 lavados,2.45,0.04083333333333334,asevi,limpiezadelhogar
suavizante concentrado azul frescor intenso asevi 60 lavados,60 lavados,2.45,0.04083333333333334,asevi,limpiezadelhogar
papel higienico 5 capas carrefour essential 6 rollos,6 rollos,4.25,0.7083333333333334,carrefour,limpiezadelhogar
30 guantes desechables de nitrilo carrefour  pm   azul,1 paquete,2.95,2.95,carrefour,limpiezadelhogar
desinfectante para la colada elimina olores sin lejia sanytol 500 ml,500 ml,3.29,6.58,sanytol,limpiezadelhogar
friegasuelos frescor pino essential carrefour 15 l,15 l,1.75,0.11666666666666667,carrefour essential,limpiezadelhogar
fregasuelos aroma limon don limpio 15 l,15 l,3.85,0.25666666666666665,don limpio,limpiezadelhogar
bayeta rollo 200x36 cm carrefour home   amarilla,200x36,1.15,0.03194444444444444,carrefour,limpiezadelhogar
velon liturgico roura 15x59 cm,15x59,0.95,0.016101694915254237,roura,limpiezadelhogar
suavizante concentrado azul vital mimosin 56 lavados,56 lavados,3.79,0.06767857142857144,mimosin,limpiezadelhogar
desinfectante en spray hogar y tejidos sanytol 300 ml,300 ml,4.45,14.833333333333334,sanytol,limpiezadelhogar
lavavajillas maquina todo en 1 aroma naranja en capsulas fairy 60 ud,60 ud,10.85,0.18083333333333332,fairy clean  fresh,limpiezadelhogar
suavizante concentrado flor nenuco 78 lavados,78 lavados,4.79,0.06141025641025641,flor,limpiezadelhogar
set 24 pinzas de ropa pequenas de plastico simpl,1 paquete,0.99,0.99,simpl,limpiezadelhogar
detergente liquido limpieza profunda skip 45 lavados,45 lavados,14.55,0.32333333333333336,skip ultimate,limpiezadelhogar
quitamanchas asevi 750 ml,750 ml,3.39,4.5200000000000005,asevi,limpiezadelhogar
bolsas para bocadillo carrefour expert 120 ud,120 ud,2.25,0.01875,carrefour,limpiezadelhogar
fosforos medianos tres estrellas pack de 3 ud,pack de 3 ud,1.25,0.4166666666666667,tres estrellas,limpiezadelhogar
canita flexible papel rayado unic bioproducts 21 cm  25 ud,25 ud,1.08,0.0432,unic bioproducts,limpiezadelhogar
limpiacristales cristalino recambio cristasol 750 ml,750 ml,2.59,3.453333333333333,cristasol,limpiezadelhogar
detergente liquido dixan 43 lavados,43 lavados,12.25,0.28488372093023256,dixan,limpiezadelhogar
set 50 platos de carton 18 cm carrefour home,1 paquete,2.25,2.25,carrefour home,limpiezadelhogar
bolsas de basura resistente y antigoteo 100 reciclado handy bag 20l 15 uds,20l,3.15,0.1575,handy bag,limpiezadelhogar
ambientador perlas perlas perfumadas ropa limpia essential carrefour 1 ud,1 ud,1.45,1.45,carrefour essential,limpiezadelhogar
panuelos faciales balsam kleenex 8 ud,x 8 ud,2.25,0.28125,kleenex balsam,limpiezadelhogar
friegasuelos multidesinfeccion sanicentro 15 l,15 l,2.85,0.19,primer precio sin marca,limpiezadelhogar
detergente liquido optimal clean frescor alpino carrefour expert 44 lavados,44 lavados,5.49,0.12477272727272727,carrefour expert,limpiezadelhogar
gel wc limpieza total frescor pato 750 ml,750 ml,3.25,4.333333333333333,pato wc,limpiezadelhogar
baliza v16 homologada con geolocalizacion iwottolight   luz de emergencia conectada con dgt 30 esim visibilidad 360,1 paquete,39.99,39.99,iwottolight,limpiezadelhogar
colgador wc blue activ hygiene bref 2 ud,2 ud,3.35,1.675,bref,limpiezadelhogar
bolsas de basura autocierre ya cortadas 30l 15 ud alfapac,30l,2.3,0.07666666666666666,alfapac,limpiezadelhogar
set de 3 botes rectangulares de plastico crf home carrefour 09 l   transparente,09 l,2.55,0.2833333333333333,carrefour,limpiezadelhogar
desatascador gel para tuberias bloqueadas wc net 1 l,1 l,6.85,6.85,wc net,limpiezadelhogar
friegasuelos concentrado floral carrefour expert 1 l,1 l,1.6,1.6,carrefour expert,limpiezadelhogar
detergente en polvo con jabon de marsella carrefour essential 100 lavados ,100 lavados,11.55,0.1155,carrefour essential,limpiezadelhogar
ambientador spray lavanda essential carrefour 300 ml,300 ml,1.15,3.833333333333333,carrefour essential,limpiezadelhogar
set 2 bayetas suave ultra fresh con microfibras vileda,1 paquete,2.85,2.85,vileda,limpiezadelhogar
discos wc activos aroma lima recambio pato 2 ud,2 ud,5.69,2.845,pato wc,limpiezadelhogar
limpiacristales multiusos expert carrefour 1 l,1 l,1.1,1.1,carrefour,limpiezadelhogar
suavizante concentrado azul sublim 80 lavados,80 lavados,1.99,0.024875,sublim,limpiezadelhogar
suavizante concentrado caricias pieles sensibles mimosin 56 lavados,56 lavados,3.79,0.06767857142857144,mimosin,limpiezadelhogar
ambientador concentrado wc foresan 125 ml,125 ml,1.7,13.6,foresan,limpiezadelhogar
trampa detectora de polillas de los alimentos carrefour 1 ud,1 ud,1.99,1.99,carrefour,limpiezadelhogar
papel de cocina ultra absorbente xxl carrefour essential 4 rollos,4 rollos,6.09,1.5225,carrefour,limpiezadelhogar
set 25 vasos de plastico 240cc nupik,1 paquete,1.99,1.99,nupik,limpiezadelhogar
desodorante desinfectante calzado sanytol 150 ml,150 ml,4.15,27.66666666666667,sanytol,limpiezadelhogar
limpiador desinfectante gerpostar plus multiusos sin lejia asevi 750 ml,750 ml,2.49,3.3200000000000003,asevi,limpiezadelhogar
papel higienico 5 capas cotton foxy 4 rollos,4 rollos,4.79,1.1975,foxy cotton,limpiezadelhogar
suavizante concentrado cielo azul vernel 80 lavados,80 lavados,4.05,0.050624999999999996,vernel,limpiezadelhogar
friegasuelos concentrado multi superficies super perfumado multiusos aroma silver disiclin 1000 ml,1000 ml,2.15,2.15,disiclin,limpiezadelhogar
papel higienico humedo pure carrefour soft 70 ud,70 ud,1.73,0.024714285714285713,carrefour soft,limpiezadelhogar
set 100 filtros de cafe en papel tamano 2 y 4 fliss,1 paquete,1.95,1.95,no name,limpiezadelhogar
detergente gel activo formula higiene colon 45 lavados,45 lavados,14.45,0.32111111111111107,colon,limpiezadelhogar
bolsas de basura perfumada de bano 100 reciclado 10l 12 ud handy bag,10l,2.19,0.219,handy bag,limpiezadelhogar
lavavajillas a maquina en pastillas classic carrefour expert 50 ud,50 ud,4.85,0.09699999999999999,carrefour expert,limpiezadelhogar
quitagrasas con jabon de marsella essential carrefour 750 ml,750 ml,1.45,1.9333333333333333,carrefour essential,limpiezadelhogar
set 2 estropajo de bano de fibra carrefour   blanco,1 paquete,0.99,0.99,carrefour expert,limpiezadelhogar
sal para lavavajillas carrefour 5 kg,5 kg,1.99,0.398,carrefour,limpiezadelhogar
suavizante concentrado caricias pieles sensibles mimosin 105 lavados,105 lavados,5.85,0.05571428571428571,mimosin,limpiezadelhogar
bolsas de basura resistente antigoteo 100 reciclado 50l 8 ud handy bag,50l,2.45,0.049,handy bag,limpiezadelhogar
colgador wc poder activo lavanda efecto antical bref 2 ud,2 ud,2.79,1.395,bref,limpiezadelhogar
papel de horno albal 8 metros,1 paquete,3.15,3.15,albal,limpiezadelhogar
complemento textil limpieza elimina olores carrefour expert 15 l,15 l,3.65,0.24333333333333332,carrefour expert,limpiezadelhogar
ambientador electrico lavanda essential recambio carrefour 1 ud,1 ud,1.28,1.28,carrefour essential,limpiezadelhogar
ambientador de mecha colonia carrefour essential 375 ml,375 ml,1.64,4.373333333333333,carrefour essential,limpiezadelhogar
pilas alcalinas carrefour itech  aaa lr03 paquete 12,1 paquete,6.59,6.59,carrefour,limpiezadelhogar
perlas perfumadas blue fresh detersolin 1 ud,1 ud,4.15,4.15,detersolin,limpiezadelhogar
colgador antipolillas perfumador lavanda fresca polil 4 ud,4 ud,5.39,1.3475,polil,limpiezadelhogar
detergente en capsulas 5en1 optima clean expert carrefour 30 lavados,30 lavados,7.25,0.24166666666666667,carrefour expert,limpiezadelhogar
desinfectante textil perfumado essence sanicentro 1 l,1 l,3.85,3.85,sanicentro,limpiezadelhogar
bolsa basura perfumada autocierre de plastico reciclado 30l 15 ud alfapac   lila,30l,2.3,0.07666666666666666,alfapac,limpiezadelhogar
set 20 cucharas reutilizables nupik,1 paquete,1.95,1.95,nupik,limpiezadelhogar
vela perfumada canela carrefour essential 1 ud,1 ud,1.85,1.85,carrefour essential,limpiezadelhogar
bloc liquido wc floral antical carrefour expert 3 ud,3 ud,1.99,0.6633333333333333,carrefour expert,limpiezadelhogar
servilletas de 3 capas desechables de papel 100 uds 40x40 cm carrefour home blanca,40x40,3.99,0.09975,carrefour home,limpiezadelhogar
suavizante concentrado zen sensations asevi 60 lavados,60 lavados,2.45,0.04083333333333334,asevi,limpiezadelhogar
quitagrasas citrico recambio kh 7 780 ml,780 ml,3.49,4.4743589743589745,kh 7,limpiezadelhogar
pinzas ambientadoras antipolillas para armarios aroma ropa limpia orion fragance 2 ud,2 ud,2.89,1.445,orion,limpiezadelhogar
ambientador electrico vainilla essential recambio carrefour 1 ud,1 ud,1.64,1.64,carrefour essential,limpiezadelhogar
colgador wc agua azul pato 1 ud,1 ud,1.91,1.91,pato wc,limpiezadelhogar
colgador wc blue activ floral bref 2 ud,2 ud,3.35,1.675,bref,limpiezadelhogar
detergente liquido delicado expert carrefour 44 lavados,44 lavados,4.15,0.09431818181818183,carrefour expert,limpiezadelhogar
gel antical power protect carrefour 750 ml,750 ml,2.19,2.92,carrefour,limpiezadelhogar
borrador magico carrefour expert 3 ud,3 ud,1.45,0.48333333333333334,carrefour,limpiezadelhogar
suavizante concentrado premium azul lotus carrefour essential 48 lavados,48 lavados,2.35,0.04895833333333333,carrefour essential,limpiezadelhogar
perfumador para ropa cielo de primavera san 40 lavados,40 lavados,4.49,0.11225,san,limpiezadelhogar
suavizante concentrado hipoalergenico essential carrefour 15 l,15 l,2.65,0.17666666666666667,carrefour,limpiezadelhogar
perfume para la ropa en perlas vainilla y coco essential carrefour 275 g,275 g,3.85,14.0,carrefour essential,limpiezadelhogar
ambientador de varillas dama de noche aura 30 ml,30 ml,1.41,47.0,Desconocida,limpiezadelhogar
insecticida antirrastreros laca carrefour 750 ml,750 ml,4.99,6.653333333333333,carrefour,limpiezadelhogar
papel higienico 3 capas seda foxy 18 rollos,18 rollos,13.19,0.7327777777777778,foxy seda,limpiezadelhogar
set 30 cucharitas reutilizables nupik,1 paquete,1.95,1.95,nupik,limpiezadelhogar
toallitas multiusos aroma limon carrefour 80 ud,80 ud,2.25,0.028125,simpl,limpiezadelhogar
bolsas antipolillas aroma lavanda fresca orion 20 ud,20 ud,2.95,0.14750000000000002,orion,limpiezadelhogar
suavizante concentrado bergamota salvaje origins mimosin 95 lavados,95 lavados,6.69,0.07042105263157895,mimosin,limpiezadelhogar
set de 10 vasos de sidra de plastico reutilizable 600 cl smart,600 cl,3.99,0.665,smart,limpiezadelhogar
gel para lavavajillas anti grasa excellence duo gel somat 50 lavados,50 lavados,9.75,0.195,somat gel,limpiezadelhogar
bote cuadrado de plastico carrefour home  07l 3 ud   bicolor,07l,2.09,0.29857142857142854,carrefour,limpiezadelhogar
3 estropajos salvaunas universale spontex    verde,1 paquete,2.75,2.75,spontex,limpiezadelhogar
higienizante textil asevi 720 ml,720 ml,2.99,4.152777777777779,asevi,limpiezadelhogar
quitamanchas del dia a dia para la ropa 4 en 1 pretratante spray vanish 750 ml,750 ml,5.15,6.866666666666667,vanish,limpiezadelhogar
limpiador multisuperficies limon essential carrefour 15 l,15 l,1.75,0.11666666666666667,carrefour essential,limpiezadelhogar
lavavajillas a mano maxpower fairy 730 ml,730 ml,5.75,7.876712328767123,fairy maxi poder,limpiezadelhogar
papel de cocina xxl 3 capas carrefour expert 1 rollo,1 rollo,5.29,5.29,carrefour expert,limpiezadelhogar
ambientador spray colonia essential carrefour 300 ml,300 ml,1.15,3.833333333333333,carrefour essential,limpiezadelhogar
pilas alcalinas carrefour itechaa lr06 paquete 12,1 paquete,6.59,6.59,carrefour,limpiezadelhogar
spray quitamanchas aceites y salsas grasas doble uso cebralin 200 ml,200 ml,4.35,21.749999999999996,cebralin,limpiezadelhogar
film transparente albal 50 metros,1 paquete,3.99,3.99,albal,limpiezadelhogar
lavavajillas a mano desengrasante frutos rojos carrefour expert 1 l,1 l,1.42,1.42,carrefour,limpiezadelhogar
pilas de boton carrefour cr2032 paquete 4,1 paquete,2.99,2.99,carrefour,limpiezadelhogar
ambientador de armario lavanda ambar 1 ud,1 ud,1.12,1.12,ambar,limpiezadelhogar
papel higienico humedo natur aqua naturalcare salustar 100 ud,100 ud,3.45,0.0345,salustar,limpiezadelhogar
10 guantes desechables de latex carrefour  m   blanco,1 paquete,1.09,1.09,carrefour,limpiezadelhogar
recogedor plegable carrefour   gris,1 paquete,4.69,4.69,carrefour,limpiezadelhogar
limpiahogar en polvo vim clorex 750 g,x 750,2.09,0.0027866666666666665,vim,limpiezadelhogar
ambientador automatico colonia recambio essential carrefour 1 ud,1 ud,1.8,1.8,carrefour essential,limpiezadelhogar
bolsas de congelacion grandes carrefour 50 ud,50 ud,1.99,0.0398,carrefour,limpiezadelhogar
friegasuelos ph neutro xanpa 1 l,1 l,1.87,1.87,xanpa,limpiezadelhogar
estropajo  niquel nanas   inox,1 paquete,1.78,1.78,nanas,limpiezadelhogar
desinfectante elimina olores textil antialergenos sanytol 500 ml,500 ml,4.45,8.9,sanytol,limpiezadelhogar
papel de cocina compacto ecologico carrefour eco planet 2 rollos,2 rollos,3.65,1.825,carrefour eco planet,limpiezadelhogar
lavavajillas a maquina en pastillas quantum finish powerball 64 ud,64 ud,19.29,0.30140625,finish quantum,limpiezadelhogar
toallitas para sanitarios carrefour expert 40 ud,40 ud,1.12,0.028000000000000004,carrefour expert,limpiezadelhogar
detergente a mano lana y ropa delicada carrefour expert 30 lavados,30 lavados,2.45,0.08166666666666668,carrefour expert,limpiezadelhogar
lavavajillas a maquina en pastillas ultra power carrefour expert 50 ud,50 ud,8.69,0.17379999999999998,carrefour expert,limpiezadelhogar
perfumador para ropa campo de flores san 40 lavados,40 lavados,4.55,0.11374999999999999,san,limpiezadelhogar
bayeta para polvo de microfibra  carrefour   beige,1 paquete,0.9,0.9,carrefour,limpiezadelhogar
set 2 estropajos fibra con esponja antibacterias vileda ultra fresh,1 paquete,2.85,2.85,vileda,limpiezadelhogar
lavavajillas a maquina platinum plus pastillas todo en uno fairy 71 ud,71 ud,26.5,0.3732394366197183,fairy platinum plus,limpiezadelhogar
insecticida cucarachas carrefour 400 ml,400 ml,2.85,7.125,carrefour,limpiezadelhogar
bolsas de basura perfumada maxi rollo 100 reciclado 30l 20 ud handy bag ,30l,4.49,0.14966666666666667,handy bag,limpiezadelhogar
limpiador de vitroceramica e induccion en crema carrefour 500 ml,500 ml,1.99,3.98,carrefour,limpiezadelhogar
detergente en capsulas 5en1 optimal clean frescura alpina expert carrefour 30 lavados,30 lavados,7.25,0.24166666666666667,carrefour expert,limpiezadelhogar
pastillas limpiadoras multiusos expert carrefour 40 ud,40 ud,1.33,0.03325,carrefour,limpiezadelhogar
lavavajillas a mano original mistol 900 ml,900 ml,2.99,3.3222222222222224,mistol,limpiezadelhogar
gel wc limpieza total oceano pato 750 ml,750 ml,3.25,4.333333333333333,pato wc,limpiezadelhogar
limpiador cal y suciedad cillit bang 1 l,1 l,3.89,3.89,cillit bang,limpiezadelhogar
gel para lavavajillas limon desengrasante finish 50 lavados,50 lavados,9.05,0.18100000000000002,finish gel todo en 1,limpiezadelhogar
colgador antipolillas lavanda carrefour 2 ud,2 ud,1.55,0.775,carrefour,limpiezadelhogar
set 2 fregonas carrefour home   amarillas,1 paquete,1.69,1.69,carrefour,limpiezadelhogar
vasos de sidra de plastico reutilizables 55cl  nupik 10 ud,55cl,1.65,2.9999999999999996,Desconocida,limpiezadelhogar
ambientador de varillas bebe y colonia aura 30 ml,30 ml,1.41,47.0,Desconocida,limpiezadelhogar
detergente liquido jabon de marsella omino bianco 45 lavados,45 lavados,8.09,0.1797777777777778,omino bianco,limpiezadelhogar
limpiamaquinas finish pack de 2 unidades de 250 ml,pack de 2 unidades de 250 ml,7.15,14.3,finish,limpiezadelhogar
ambientador para coche bebe carrefour 1 ud,1 ud,1.48,1.48,carrefour,limpiezadelhogar
detergente liquido complet norit 35 lavados,35 lavados,9.95,0.28428571428571425,norit,limpiezadelhogar
toallitas suelos perfume jabon de marsella carrefour 15 ud,15 ud,1.2,0.08,carrefour,limpiezadelhogar
gel para lavavajillas frescor anti olor excellence duo gel somat 50 lavados,50 lavados,9.75,0.195,somat gel,limpiezadelhogar
limpiacristales multiusos cristasol 750 ml,750 ml,2.89,3.8533333333333335,cristasol,limpiezadelhogar
pegamento loctite con pince super glue 3  5 gr,5 gr,6.99,1398.0,loctite,limpiezadelhogar
servilletas de 2 capas desechables de papel 50 uds 39x39 cm carrefour home,39x39,1.99,0.05102564102564103,carrefour home,limpiezadelhogar
sarten de acero vitrificado 20 cm carrefour home zen   negro ,1 paquete,7.99,7.99,carrefour home,limpiezadelhogar
detergente liquido black expert carrefour 44 lavados ,44 lavados,6.45,0.1465909090909091,carrefour expert,limpiezadelhogar
detergente en capsulas alpes todo en uno pods ariel 19 lavados,19 lavados,12.35,0.65,ariel alpine,limpiezadelhogar
toallitas captura colores protect iberia 15 ud,15 ud,3.79,0.25266666666666665,iberia,limpiezadelhogar
ambientador mikado fragancia tropical carrefour essential 1 ud,1 ud,2.35,2.35,carrefour,limpiezadelhogar
crema liquida autobrillante negro carrefour 50 ml,50 ml,0.95,18.999999999999996,carrefour,limpiezadelhogar
detergente en polvo original ariel 80 lavados,80 lavados,27.3,0.34125,ariel original,limpiezadelhogar
perlas perfumadas pink passion detersolin 1 ud,1 ud,4.19,4.19,detersolin,limpiezadelhogar
2 guantes reforzados de latex carrefour  m   bicolor,1 paquete,1.5,1.5,carrefour,limpiezadelhogar
desatascador gel mr muscle forza 1 l,1 l,5.99,5.99,mister musculo,limpiezadelhogar
detergente en capsulas poder quitamanchas ariel platinum 60 lavados,60 lavados,29.0,0.48333333333333334,ariel,limpiezadelhogar
detergente en polvo frescor alpino carrefour expert 70 lavados,70 lavados,9.59,0.137,carrefour expert,limpiezadelhogar
bolsas antipolillas lavanda carrefour 24 ud,24 ud,1.55,0.06458333333333334,carrefour,limpiezadelhogar
detergente liquido ropa oscura norit 40 lavados,40 lavados,7.75,0.19375,norit,limpiezadelhogar
limpiador de bano don limpio 800 ml,800 ml,4.69,5.8625,don limpio,limpiezadelhogar
gel wc con lejia y espuma limpiadora marine extra power pato 750 ml,750 ml,3.79,5.053333333333334,pato wc,limpiezadelhogar
2 estropajos con esponja frotaspon spontex    azul,1 paquete,3.39,3.39,spontex,limpiezadelhogar
impregnador mopas spray carrefour 750 ml,750 ml,2.85,3.8000000000000003,carrefour,limpiezadelhogar
set 36 pinzas para la ropa de madera fsc simpl,1 paquete,2.19,2.19,simpl,limpiezadelhogar
set de 51 filtros de agua brita maxtra pro ,1 paquete,39.9,39.9,brita,limpiezadelhogar
suavizante concentrado flor azul 78 lavados,78 lavados,4.79,0.06141025641025641,flor,limpiezadelhogar
friegasuelos concentrado mio asevi 950 ml,950 ml,2.19,2.305263157894737,asevi,limpiezadelhogar
lavavajillas a mano ultra concentrado power clean carrefour expert 13 l,13 l,1.82,0.14,carrefour,limpiezadelhogar
papel de cocina classic carrefour essential 4 rollos,4 rollos,2.79,0.6975,carrefour,limpiezadelhogar
3 bayetas multiusos de microfibra  carrefour     colores surtidos,1 paquete,1.75,1.75,carrefour,limpiezadelhogar
limpiador con lejia y detergente perfume pino carrefour 2 l,2 l,1.36,0.68,carrefour,limpiezadelhogar
papel higienico humedo fresh scottex 74 ud,x 74 ud,2.99,0.04040540540540541,scottex,limpiezadelhogar
agua de plancha desmineralizada essential carrefour 2 l,2 l,0.9,0.45,carrefour,limpiezadelhogar
papel de cocina ultra absorbente xxl carrefour essential 2 rollos,2 rollos,3.29,1.645,carrefour,limpiezadelhogar
limpiador desinfectante multiusos eucaliptus sanytol 750 ml,750 ml,2.99,3.986666666666667,sanytol,limpiezadelhogar
papel aluminio carrefour 50 metros,1 paquete,3.55,3.55,carrefour,limpiezadelhogar
pilas 10 mas 10  lr06 aa carrefour,1 paquete,5.99,5.99,carrefour,limpiezadelhogar
papel de cocina mega3 foxy 2 rollos,2 rollos,3.89,1.945,foxy mega,limpiezadelhogar
friegasuelos flor de cerezo essential carrefour 15 l,15 l,1.05,0.07,carrefour essential,limpiezadelhogar
bolsas de congelacion cierre doble zip medianas expert carrefour 20 ud,20 ud,1.2,0.06,carrefour,limpiezadelhogar
gel wc azul desincrustante carrefour 1 l,1 l,1.15,1.15,carrefour,limpiezadelhogar
papel higienico compact doble rollo carrefour 32 rollos,32 rollos,11.15,0.3484375,carrefour,limpiezadelhogar
detergente liquido colonia fresca carrefour essential 40 lavados,40 lavados,2.95,0.07375000000000001,carrefour,limpiezadelhogar
plato llano de vidrio opal simpl 25 cm,1 paquete,0.99,0.99,simpl,limpiezadelhogar
quitagrasas cocina expert carrefour 750 ml,750 ml,1.45,1.9333333333333333,carrefour,limpiezadelhogar
suavizante concentrado talco essential carrefour 80 lavados,80 lavados,1.8,0.0225,carrefour,limpiezadelhogar
percarbonato blanqueante carrefour expert 750 g,750 g,1.65,2.1999999999999997,carrefour expert,limpiezadelhogar
amoniaco perfumado con detergente carrefour 15 l,15 l,0.95,0.06333333333333332,carrefour,limpiezadelhogar
bolsas de congelacion medianas carrefour 75 ud,75 ud,1.58,0.021066666666666668,carrefour,limpiezadelhogar
sarten de acero vitrificado 24 cm carrefour home zen   negro,1 paquete,9.99,9.99,carrefour home,limpiezadelhogar
discos wc activos inodoros lima aparato  recambio pato 1 ud,1 ud,3.25,3.25,pato wc,limpiezadelhogar
set 4 estropajo de fibra carrefour   verde,1 paquete,1.19,1.19,carrefour expert,limpiezadelhogar
ambientador automatico muguete recambio essential carrefour 1 ud,1 ud,1.8,1.8,carrefour essential,limpiezadelhogar
set 10 vasos reutilizables de polipropileno 465 cc nupik,1 paquete,1.6,1.6,nupik,limpiezadelhogar
quitamanchas desinfectante en polvo sanytol 450 g,450 g,5.59,12.42222222222222,sanytol,limpiezadelhogar
100 guantes desechables de nitrilo carrefour  pm   azul,1 paquete,6.99,6.99,carrefour,limpiezadelhogar
suavizante concentrado talco essential carrefour 136 lavados,136 lavados,3.09,0.022720588235294117,carrefour essential,limpiezadelhogar
set de 2 fregonas tiras kerkom   estampadas,1 paquete,1.75,1.75,Desconocida,limpiezadelhogar
lavavajillas a maquina en pastillas quantum finish powerball 34 ud,34 ud,15.59,0.45852941176470585,finish quantum,limpiezadelhogar
recambio cepillo antichoque vileda 3action,1 paquete,5.99,5.99,vileda,limpiezadelhogar
set 20 vasos reutilizables 330cc nupik   transparentes,1 paquete,2.25,2.25,nupik,limpiezadelhogar
escoba para pequenos espacios carrefour ,1 paquete,1.7,1.7,carrefour,limpiezadelhogar
palillos redondos torneados de madera unic de 550 piezas,550 piezas,1.48,0.002690909090909091,unic,limpiezadelhogar
set sistema fregado cubo con pedal vileda turbo smart ,1 paquete,25.0,25.0,vileda,limpiezadelhogar
set 8 hermeticos de vidrio,1 paquete,16.99,16.99,carrefour home,limpiezadelhogar
colgador wc blue activ hygiene bref 3 ud,3 ud,4.69,1.5633333333333335,bref,limpiezadelhogar
gel para lavavajillas excellence duo gel lima limon somat 50 lavados,50 lavados,9.75,0.195,somat gel,limpiezadelhogar
ambientador para lavavajillas aroma limon finish 60 lavados,60 lavados,4.55,0.07583333333333334,finish,limpiezadelhogar
gel para lavavajillas todo en 1 gel lima limon somat 60 lavados,60 lavados,10.65,0.17750000000000002,somat gel,limpiezadelhogar
limpiador antical liquido viakal clasico 750 ml,750 ml,5.09,6.786666666666666,viakal,limpiezadelhogar
2 bayetas de cristales  carrefour     beige,1 paquete,1.58,1.58,carrefour,limpiezadelhogar
2 guantes flocados de latex carrefour  p   rosa,1 paquete,1.56,1.56,carrefour,limpiezadelhogar
vela perfumada frutos silvestres carrefour essential 1 ud,1 ud,1.85,1.85,carrefour essential,limpiezadelhogar
cuchillo chuletero de acero inoxidable 18 cm simpl,1 paquete,0.99,0.99,simpl,limpiezadelhogar
bayeta para cristales y espejos de microfibra 38x40 cm kerkom,38x40,0.85,0.021249999999999998,kerkom,limpiezadelhogar
limpiador banos manzana y hierbabuena kh 7 500 ml,500 ml,2.25,4.5,kh 7,limpiezadelhogar
sal para lavavajillas finish 4 kg,4 kg,11.25,2.8125,finish,limpiezadelhogar
escobilla tatay   blanca,1 paquete,2.99,2.99,tatay,limpiezadelhogar
quitamanchas gold oxi action vanish 960 g,960 g,12.49,13.010416666666668,vanish,limpiezadelhogar
limpiador de hornos con sosa caustica expert carrefour 500 ml,500 ml,2.25,4.5,carrefour,limpiezadelhogar
insecticida electrico antimosquitos liquido aparato  recambio carrefour 1 ud,1 ud,3.09,3.09,carrefour,limpiezadelhogar
multiusos desinfectante con lejia sanicentro 750 ml,750 ml,2.55,3.4,sanicentro,limpiezadelhogar
detergente en capsulas original ariel 70 ud,70 ud,31.7,0.45285714285714285,ariel original,limpiezadelhogar
sosa caustica carrefour 1 kg,1 kg,3.49,3.49,carrefour,limpiezadelhogar
bolsas de basura autocierre 80 reciclado 10l 15 ud alfapac   blanco ,10l,1.6,0.16,alfapac,limpiezadelhogar
limpiador de amoniaco con detergente,1 paquete,1.32,1.32,disiclin,limpiezadelhogar
limpia vitroceramcrf pist 500,1 paquete,1.75,1.75,carrefour,limpiezadelhogar
limpiamuebles antiestatico expert carrefour 300 ml,300 ml,1.24,4.133333333333334,carrefour,limpiezadelhogar
lavavajillas a maquina original pastillas todo en uno aroma limon fairy 41 ud,41 ud,14.99,0.36560975609756097,fairy todo en 1,limpiezadelhogar
suavizante concentrado maldivas relajante aromaterapia vernel 80 lavados,80 lavados,4.99,0.062375,vernel,limpiezadelhogar
ambientador de varillas infusion naranja canela ambar botanic 75 ml,75 ml,5.45,72.66666666666667,ambar,limpiezadelhogar
suavizante concentrado lirio cautivador origins mimosin 95 lavados,95 lavados,6.69,0.07042105263157895,mimosin,limpiezadelhogar
escoba multiuso carrefour   gris,1 paquete,3.59,3.59,carrefour,limpiezadelhogar
desodorante textil carrefour essential 500 ml,500 ml,1.7,3.4,carrefour expert,limpiezadelhogar
gel wc desinfectante frescor montana con lejia sanicentro 1 l,1 l,2.09,2.09,Desconocida,limpiezadelhogar
perfumador para la ropa floral blue jasmine vernel 30 lavados,30 lavados,4.35,0.145,vernel,limpiezadelhogar
palo universal para fregona o cepillo de acero vileda,1 paquete,4.59,4.59,vileda,limpiezadelhogar
detergente liquido original ariel 44 lavados ,44 lavados,19.39,0.4406818181818182,ariel original,limpiezadelhogar
duo  estropajos con esponja spontex frotaspon ,1 paquete,2.99,2.99,spontex,limpiezadelhogar
perfumador para la ropa floral cherry blossom vernel 30 lavados,30 lavados,4.35,0.145,vernel,limpiezadelhogar
perfumador para la ropa azul flor 36 lavados,36 lavados,4.75,0.13194444444444445,flor,limpiezadelhogar
limpiador desinfectante carrefour expert 2 l,2 l,2.79,1.395,carrefour expert,limpiezadelhogar
gel wc ecualipto ecologico eco planet carefour 750 ml,750 ml,1.4,1.8666666666666665,carrefour eco planet,limpiezadelhogar
recogedor con palo carrefour   verde,1 paquete,1.55,1.55,carrefour,limpiezadelhogar
detergente en capsulas frescor alpino ariel 38 lavados,38 lavados,19.99,0.5260526315789473,ariel,limpiezadelhogar
limpiador bano antical h 7 500 ml,500 ml,2.15,4.3,kh 7,limpiezadelhogar
bolsas antipolillas perfume ropa limpia carrefour 24 ud,24 ud,1.55,0.06458333333333334,carrefour,limpiezadelhogar
ambientador electrico flores elegantes 3volution recambio ambi pur 1 ud,1 ud,5.95,5.95,ambi pur,limpiezadelhogar
limpiador para placas de induccion kh 7 500 ml,500 ml,2.15,4.3,kh 7,limpiezadelhogar
mechero liso ,1 paquete,3.39,3.39,bic,limpiezadelhogar
gel blanqueante blanco nuclear 500 ml,500 ml,3.49,6.98,blanco nuclear,limpiezadelhogar
limpiador de banos en crema con aroma floral cif 650 ml,650 ml,3.29,5.061538461538461,cif,limpiezadelhogar
papel higienico triple rollo foxy mega3 8 rollos,8 rollos,8.29,1.03625,foxy mega,limpiezadelhogar
insecticida electrico antimosquitos en pastillas carrefour 30 ud,30 ud,1.55,0.051666666666666666,carrefour,limpiezadelhogar
pilas de litio de boton 2032 duracell especiales paquete de 2,1 paquete,4.29,4.29,duracell,limpiezadelhogar
blanqueador ropa en sobres blanco nuclear pack de 6 unidades de 20 g,pack de 6 unidades de 20 g,3.19,26.583333333333332,nuclear,limpiezadelhogar
limpia muebles carrefour expert 750 ml,750 ml,1.99,2.6533333333333333,carrefour,limpiezadelhogar
palo telescopico de acero carrefour 150 cm,1 paquete,2.79,2.79,carrefour,limpiezadelhogar
detergente en polvo activo profesional colon 135 lavados,135 lavados,24.9,0.18444444444444444,colon,limpiezadelhogar
lavavajillas a mano para pieles sensibles perfume floral carrefour essential 750 ml,750 ml,1.51,2.013333333333333,carrefour,limpiezadelhogar
abrillantador duo power experts somat 500 ml,500 ml,4.35,8.7,somat,limpiezadelhogar
esponja limpiacalzado incolora yak 1 ud,1 ud,1.74,1.74,yak,limpiezadelhogar
insecticida concentrado contra voladores  max  sin olor carrefour 400 ml,400 ml,3.25,8.125,carrefour,limpiezadelhogar
papel de cocina para todo colhogar 4 rollos,4 rollos,7.15,1.7875,colhogar para todo,limpiezadelhogar
set 36 pinzas de ropa grandes de plastico carrefour home ,1 paquete,2.65,2.65,carrefour home,limpiezadelhogar
limpiador jabonoso para madera original pronto 750 ml,750 ml,5.89,7.853333333333333,pronto,limpiezadelhogar
lavavajillas a maquina en pastillas power all in 1 finish powerball 63 ud,63 ud,19.15,0.30396825396825394,finish todo en 1,limpiezadelhogar
desinfectante wc matic activo azul pato 1 ud,1 ud,3.99,3.99,pato wc,limpiezadelhogar
antical para lavadora en gel power gel calgon 750 ml,750 ml,9.45,12.6,calgon,limpiezadelhogar
lavavajillas a mano ultra plus mistol 950 ml,950 ml,3.25,3.4210526315789473,mistol,limpiezadelhogar
antical para lavadora en pastillas classic protect expert carrefour 40 ud,40 ud,3.25,0.08125,carrefour expert,limpiezadelhogar
suavizante concentrado colonia essential carrefour 136 lavados,136 lavados,3.09,0.022720588235294117,carrefour essential,limpiezadelhogar
perfume para la ropa en perlas concentrado fresh unstoppables lenor 270 g,270 g,10.55,39.074074074074076,lenor,limpiezadelhogar
alfombra antideslizante de eva para cajon cocina msv,1 paquete,3.99,3.99,msv,limpiezadelhogar
papel de cocina para todo colhogar 1 rollo,1 rollo,4.89,4.89,colhogar para todo,limpiezadelhogar
ambientador de varillas fresa y nata the fruit company 40 ml,40 ml,3.35,83.75,the fruit company,limpiezadelhogar
set de 2 estropajos laminados scotch brite classic,1 paquete,2.69,2.69,scotch brite,limpiezadelhogar
set de 3 bayetas microfibra  pequenas rozenbal 32x32 cm   surtido,32x32,1.99,0.0621875,rozenbal,limpiezadelhogar
colgador antipolillas ropa limpia carrefour 2 ud,2 ud,1.55,0.775,carrefour,limpiezadelhogar
alfombrilla posavajillas carrefour,1 paquete,2.75,2.75,carrefour,limpiezadelhogar
limpiador cocina aroma citricos carrefour expert 750 ml,750 ml,2.39,3.186666666666667,carrefour expert,limpiezadelhogar
set de 40 gamuzas atrapapolvo desechables carrefour 55x115x18 cm ,55x115,2.39,0.020782608695652176,carrefour,limpiezadelhogar
ambientador electrico aroma a limpio 3volution recambio ambi pur 1 ud,1 ud,5.95,5.95,ambi pur,limpiezadelhogar
perfume para la ropa en perlas concentrado frescor de abril  lenor 195 g,195 g,8.25,42.30769230769231,lenor,limpiezadelhogar
papel de aluminio albal 50 metros,1 paquete,8.09,8.09,albal,limpiezadelhogar
ambientador electrico campos de lavanda recambio ambi pur 1 ud,1 ud,4.49,4.49,ambi pur,limpiezadelhogar
detergente en capsulas jabon de marsella y flores de naranjo essential carrefour 30 lavados,30 lavados,5.85,0.19499999999999998,carrefour essential,limpiezadelhogar
funda de escoba de interior de microfibra  rozenbal    azul,1 paquete,2.75,2.75,rozenbal,limpiezadelhogar
limpiador limon en crema cif 750 ml,750 ml,3.39,4.5200000000000005,cif,limpiezadelhogar
set de 4 bayetas multiusos microfibra vileda microfibre colors xl,1 paquete,6.65,6.65,vileda,limpiezadelhogar
guante reforzado de latex carrefour g 2 ud   bicolor,2 ud,1.5,0.75,carrefour,limpiezadelhogar
toallitas captura colores iberia protect 25 ud,25 ud,6.29,0.2516,iberia,limpiezadelhogar
suavizante concentrado aromaterapia lirios irresistibles vernel 80 lavados,80 lavados,5.69,0.07112500000000001,vernel,limpiezadelhogar
ambientador electrico tatami japones 3volution recambio ambi pur 2 ud,2 ud,11.25,5.625,ambi pur,limpiezadelhogar
ambientador electrico atardecer en menorca 3volution recambio ambi pur 1 ud,1 ud,5.95,5.95,ambi pur,limpiezadelhogar
tinte para la ropa negro iberia 1 ud,1 ud,3.29,3.29,iberia,limpiezadelhogar
colgante wc tropical power carrefour expert 2 ud,2 ud,1.8,0.9,carrefour expert,limpiezadelhogar
perfumador para la ropa rosa flor 36 lavados,36 lavados,4.75,0.13194444444444445,flor,limpiezadelhogar
suavizante concentrado talco sublim 80 lavados,80 lavados,1.99,0.024875,sublim,limpiezadelhogar
limpiacristales cristasol 125 l,125 l,3.09,0.02472,cristasol,limpiezadelhogar
detergente liquido delicado a mano norit 45 lavados,45 lavados,4.45,0.09888888888888889,norit,limpiezadelhogar
ambientador spray muguete essential carrefour 300 ml,300 ml,1.15,3.833333333333333,carrefour essential,limpiezadelhogar
panuelos hipoalergenicos foxy 10 ud,10 ud,2.15,0.215,foxy,limpiezadelhogar
anticongelanterefrigerante 10 carrefour 5l protege hasta  4,5l,7.99,1.598,carrefour,limpiezadelhogar
2 guantes flocados de latex carrefour  g   rosa,1 paquete,1.56,1.56,carrefour,limpiezadelhogar
detergente liquido para pieles sensibles norit 40 lavados,40 lavados,7.75,0.19375,norit,limpiezadelhogar
gomas de borrar milan 4 uds,4 uds,1.49,0.3725,milan,limpiezadelhogar
tapa microondas de plastico curver 27cm   transparente,1 paquete,1.99,1.99,curver,limpiezadelhogar
bolsas de basura comunidad 120l 10 ud alfapac,120l,2.99,0.024916666666666667,alfapac,limpiezadelhogar
bayeta posavajillas viscosa rozenbal 50x38 cm   decorada,50x38,1.45,0.038157894736842106,rozenbal,limpiezadelhogar
lavavajillas a maquina en pastillas power all in 1 finish powerball 80 ud,80 ud,21.8,0.2725,finish todo en 1,limpiezadelhogar
colgador wc gel brillante todo en 1 oceano artico bref 2 ud,2 ud,3.79,1.895,bref,limpiezadelhogar
detergente en capsulas 5en1 color expert carrefour 20 lavados,20 lavados,3.65,0.1825,carrefour expert,limpiezadelhogar
ambientador mini perfumado humydry 75 g,75 g,2.35,31.333333333333336,humydry,limpiezadelhogar
limpia maquinas lavavajillas antical somat 3 ud,3 ud,4.15,1.3833333333333335,somat,limpiezadelhogar
limpidor en crema original cif 650 ml,650 ml,3.45,5.3076923076923075,cif,limpiezadelhogar
agua perfumada planchado1l crf,1l,0.71,0.71,carrefour,limpiezadelhogar
detergente liquido basico colon 75 lavados,75 lavados,13.09,0.17453333333333332,colon,limpiezadelhogar
friegasuelos perfume lavanda essential carrefour 15 l,15 l,1.75,0.11666666666666667,carrefour essential,limpiezadelhogar
abrillantador para lavavajillas aroma limon finish powerball 500 ml,500 ml,5.75,11.5,finish,limpiezadelhogar
gel wc con lejia y espuma limpiadora fresh extra power pato 750 ml,750 ml,3.79,5.053333333333334,pato wc,limpiezadelhogar
friegasuelos insecticida aroma lavanda desic kh 7 750 ml,750 ml,4.69,6.253333333333334,kh 7,limpiezadelhogar
friegasuelos para madera efecto reparador tenn brillante 125 l,125 l,4.49,0.03592,tenn,limpiezadelhogar
detergente en capsulas toque de lenor frescor sensaciones platinum ariel 60 lavados,60 lavados,29.0,0.48333333333333334,ariel,limpiezadelhogar
detergente en capsulas frescor alpino ariel 60 lavados,60 lavados,29.0,0.48333333333333334,ariel,limpiezadelhogar
cubo de fregar con escurridor 14l carrefour,14l,4.45,0.3178571428571429,carrefour,limpiezadelhogar
bayeta microfibra spontex collection xxl 4 ud,4 ud,5.55,1.3875,spontex,limpiezadelhogar
limpia lavadoras original colon 250 ml,250 ml,5.35,21.4,colon,limpiezadelhogar
perfume para la ropa en perlas concentrado lenor unstoppables lenor 195 g,195 g,8.09,41.48717948717948,lenor,limpiezadelhogar
detergente en polvo basico ariel 40 lavados,40 lavados,10.85,0.27125,ariel basico,limpiezadelhogar
antipolillas pastillas perfumadas lavanda fresca polil 24 ud,24 ud,4.15,0.1729166666666667,polil,limpiezadelhogar
pinza antipolillas para armarios aroma lavanda fresca orion proteccion total 2 ud,2 ud,3.05,1.525,orion,limpiezadelhogar
limpiador vitroceramicas en crema naranja ecologico frosch 500 ml,500 ml,5.89,11.78,frosch,limpiezadelhogar
lavavajillas a mano con aloe vera y vitamina e mistol 950 ml,950 ml,3.25,3.4210526315789473,mistol,limpiezadelhogar
bayeta microfibra spontex economic mapa ,1 paquete,2.35,2.35,spontex,limpiezadelhogar
limpiador bano antical con vinagre ecologico frosch 1 l,1 l,3.75,3.75,frosch,limpiezadelhogar
incienso varillas sandalo ambar 20 ud,20 ud,1.12,0.05600000000000001,ambar,limpiezadelhogar
crema limpiadora con olor a menta y eucalipto expert carrefour 750 ml,750 ml,1.81,2.4133333333333336,carrefour essential,limpiezadelhogar
estropajo inox  spontex 3 ud   amarillo,x 3 ud,1.89,0.63,spontex,limpiezadelhogar
plato llano de gres 27 cm carrefour home fancy   crema,1 paquete,3.99,3.99,carrefour home,limpiezadelhogar
set 7 estropajos jabonosos desengrasantes de acero ajax ,1 paquete,2.29,2.29,nanas,limpiezadelhogar
ambientador de varillas melon the fruit company 40 ml,40 ml,3.35,83.75,the fruit company,limpiezadelhogar
papel de cocina compact foxy 3 rollos,3 rollos,4.25,1.4166666666666667,foxy,limpiezadelhogar
perfumador para la ropa floral diamond orchid vernel 30 lavados,30 lavados,4.35,0.145,vernel,limpiezadelhogar
vinagre de limpieza con jabon natural aroma limon disiclin 750 ml,750 ml,2.09,2.7866666666666666,disiclin,limpiezadelhogar
plato hondo de vidrio luminarc trianon 225 cm,1 paquete,1.79,1.79,luminarc,limpiezadelhogar
detergente en capsulas limpieza profunda power caps wipp express 33 ud,33 ud,13.59,0.4118181818181818,wipp,limpiezadelhogar
plato carton con rodal papel ph blister 4 y 4 uds 27 y 35 cm,4 uds,2.35,0.5875,ph,limpiezadelhogar
limpiador en crema multiusos limon cif 650 ml,650 ml,3.45,5.3076923076923075,cif,limpiezadelhogar
set 2 estropajos salvaunas antibacterias vileda ultra fresh ,1 paquete,3.69,3.69,vileda,limpiezadelhogar
discos wc activos inodoros frescor marino recambio pato 2 ud,2 ud,5.69,2.845,pato wc,limpiezadelhogar
pack mopa y 10 gamuzas atrapapolvo desechables carrefour,1 paquete,4.35,4.35,carrefour,limpiezadelhogar
limpiador de bano en gel frescor marino chubb 15 l,15 l,1.99,0.13266666666666665,chubb,limpiezadelhogar
boligrafos bic cristal original 5 ud   surtido,5 ud,2.79,0.558,bic,limpiezadelhogar
pegamento loctite super glue 3 minitrio 3x1gr,3x1,6.89,6.89,loctite,limpiezadelhogar
lavavajillas a maquina en pastillas ultimate powerball finish 80 ud,80 ud,24.3,0.30375,finish quantum ultimate,limpiezadelhogar
perfume para la ropa en perlas concentrado frescor alpino unstoppables lenor 195 g,195 g,8.09,41.48717948717948,lenor,limpiezadelhogar
plato hondo de gres 20 cm carrefour home fancy   crema,1 paquete,3.59,3.59,carrefour home,limpiezadelhogar
pilas alcalinas carrefour itech aaalr03 paquete 32,1 paquete,12.29,12.29,carrefour,limpiezadelhogar
set 3 bandejas para cocinar de aluminio carrefour ,1 paquete,3.45,3.45,carrefour,limpiezadelhogar
detergente en capsulas japon flor de cerezo essential carrefour 30 lavados,30 lavados,5.49,0.183,carrefour essential,limpiezadelhogar
ambientador electrico tatami japones 3volution recambio ambi pur 1 ud,1 ud,5.95,5.95,ambi pur,limpiezadelhogar
8 bayetas multiusos de microfibra  rozenbal    colores surtidos,1 paquete,5.55,5.55,rozenbal,limpiezadelhogar
detergente en polvo colon 100 lavados,100 lavados,24.1,0.24100000000000002,colon,limpiezadelhogar
perfume para la ropa en perlas concentrado frescor sensaciones unstoppables lenor 195 g,195 g,8.09,41.48717948717948,lenor,limpiezadelhogar
desatascador de tuberias atascos dificiles turbo 5 min wc net 1 l,1 l,9.89,9.89,wc net,limpiezadelhogar
fregona con tiras de microfibra vileda super,1 paquete,5.99,5.99,vileda,limpiezadelhogar
set 10 boles de cana de azucar 350 ml carrefour home   blanco,350 ml,1.25,3.5714285714285716,carrefour home,limpiezadelhogar
lavavajillas a maquina en pastillas quantum all in 1 essential finish powerball 58 ud,58 ud,10.89,0.18775862068965518,finish quantum,limpiezadelhogar
bolsas para cubitos de hielo xl carrefour 10 ud,10 ud,1.08,0.10800000000000001,carrefour,limpiezadelhogar
plato llano de vidrio luminarc 245 cm   blanco,1 paquete,1.79,1.79,luminarc,limpiezadelhogar
lavavajillas maquina todo en 1 en pastillas ecologico frosch 30 ud,30 ud,9.45,0.315,frosch,limpiezadelhogar
10 guantes desechables de latex carrefour  p   blanco,1 paquete,1.09,1.09,carrefour,limpiezadelhogar
limpiador desinfectante multiusos manzana sin lejia sanytol 750 ml,750 ml,2.99,3.986666666666667,sanytol,limpiezadelhogar
2 guantes especial lejia de nitrilo carrefour  m   verde,1 paquete,1.95,1.95,carrefour,limpiezadelhogar
bolsas para asar al horno y microondas carrefour 8 ud,8 ud,1.48,0.185,carrefour,limpiezadelhogar
detergente gel activo formula higiene colon 74 lavados,74 lavados,18.29,0.24716216216216216,colon,limpiezadelhogar
ambientador absorbeolores lavanda glade pack de 2 unidades de 150 g,pack de 2 unidades de 150 g,5.89,19.633333333333333,brise,limpiezadelhogar
crema liquida autobrillante blanco carrefour 50 ml,50 ml,0.95,18.999999999999996,carrefour,limpiezadelhogar
limpiador de bano don limpio 3 l,3 l,7.35,2.4499999999999997,don limpio,limpiezadelhogar
cazo de acero vitrificado 29 l carrefour home zen   negro,29 l,11.99,0.41344827586206895,carrefour home,limpiezadelhogar
set de 8 bayetas multiusos de microfibra vileda colors,1 paquete,8.95,8.95,vileda,limpiezadelhogar
lavavajillas a mano concentrado con vinagre de frambuesa ecologico frosch 750 ml,750 ml,4.35,5.8,frosch,limpiezadelhogar
detergente liquido extra cuidado del color ariel 40 lavados,40 lavados,14.99,0.37475,ariel color  style,limpiezadelhogar
recogedor con palo vileda universal,1 paquete,6.39,6.39,vileda,limpiezadelhogar
set de 30 platos de carton 23 cm smart   blanco,1 paquete,2.29,2.29,smart,limpiezadelhogar
detergente gel activo formula higiene colon 100 lavados,100 lavados,25.6,0.256,colon,limpiezadelhogar
lavavajillas a maquina en pastillas perfume limon todo en uno carrefour expert 26 ud,26 ud,4.69,0.1803846153846154,carrefour expert,limpiezadelhogar
limpiahogar aloe vera tenn 13 l,13 l,3.59,0.27615384615384614,tenn,limpiezadelhogar
absorbeolor frigorifico carrefour expert 1 ud,1 ud,1.8,1.8,carrefour expert,limpiezadelhogar
bol de gres 15 cm carrefour home fancy   crema,1 paquete,2.99,2.99,carrefour home,limpiezadelhogar
set 2 estropajos fibra clasica scotch brite,1 paquete,2.39,2.39,scotch brite,limpiezadelhogar
limpiador de tuberias ecologico carrefour 1 l,1 l,3.79,3.79,carrefour,limpiezadelhogar
pila 2 ud  slimp lr20 nn,2 ud,1.9,0.95,simpl,limpiezadelhogar
toallitas limpiagafas bref 20 ud,20 ud,2.15,0.1075,bref,limpiezadelhogar
descalcificador pequeno electrodomestico carrefour 500 ml,500 ml,2.29,4.58,carrefour,limpiezadelhogar
hermetico de vidrio borosilicato rectangular 065 l carrefour home,065 l,3.59,0.05523076923076923,carrefour home,limpiezadelhogar
bolsas de basura resistente antigoteo 100 reciclado 30l 12 ud handy bag,30l,2.59,0.08633333333333333,handy bag,limpiezadelhogar
lejia perfumada frescor floral conejo 2 l,2 l,3.25,1.625,conejo,limpiezadelhogar
amoniaco muy fuerte con detergente carrefour 750 ml,750 ml,1.25,1.6666666666666667,carrefour,limpiezadelhogar
gel wc desinfectante frescor citrico con lejia sanicentro 1 l,1 l,2.09,2.09,Desconocida,limpiezadelhogar
set 20 cuchillos reutilizables nupik,1 paquete,1.95,1.95,nupik,limpiezadelhogar
bandeja carton con blonda papel ph blister 4 y 4 unidades 25x34 y 31x38 cm,25x34,2.35,0.06911764705882353,ph,limpiezadelhogar
set 5 bandejas planas de aluminio carrefour 1 l,1 l,2.79,2.79,carrefour,limpiezadelhogar
palillo redondo 2 puntas 800 ud   madera,800 ud,1.99,0.0024875,unic,limpiezadelhogar
100 guantes desechables de latex carrefour  mg   blanco,1 paquete,5.89,5.89,carrefour,limpiezadelhogar
trampa mata cucarachas carrefour pack de 6 unidades de 25 g,pack de 6 unidades de 25 g,2.95,19.666666666666668,carrefour,limpiezadelhogar
ambientador automatico vainilla essential recambio carrefour 1 ud,1 ud,1.99,1.99,carrefour essential,limpiezadelhogar
perfume para la ropa en perlas concentrado frescor violeta unstoppables lenor 195 g,195 g,7.85,40.256410256410255,lenor unstoppables,limpiezadelhogar
bolsas de basura perfumada 100 recicldado 30l 12 ud handy bag,30l,2.79,0.093,handy bag,limpiezadelhogar
bolsas multiusos con cierre cremallera zipper 1l albal 12 ud,1l,2.95,2.95,albal,limpiezadelhogar
set 100 tealights roura   blanco,1 paquete,4.99,4.99,roura,limpiezadelhogar
pulverizador de aceite de cristal 150 ml jata,150 ml,3.49,23.26666666666667,jata,limpiezadelhogar
estropajo fibra y espuma spontex zero 21,1 paquete,2.25,2.25,spontex,limpiezadelhogar
detergente liquido esencia flota 100 lavados,100 lavados,8.85,0.0885,flota,limpiezadelhogar
bateria de cocina acero inoxidable san ignacio lexia 9 piezas,9 piezas,34.9,3.8777777777777778,san ignacio,limpiezadelhogar
detergente en capsulas 3en1 perfume flores de tiare y gardenia essential carrefour 30 lavados,30 lavados,5.49,0.183,carrefour essential,limpiezadelhogar
tapa de microondas 26 cm,1 paquete,0.99,0.99,dem,limpiezadelhogar
recambio fregona microfibra vileda turbo refill 2 en 1,1 paquete,10.65,10.65,vileda,limpiezadelhogar
quitamanchas blanqueador gold oxi action vanish 400 g,400 g,4.99,12.475,vanish,limpiezadelhogar
detergente con jabon de marsella carrefour 2 ud,2 ud,3.65,1.825,carrefour,limpiezadelhogar
set 2 estropajos fibra classic xxl scotch brite   verde,1 paquete,2.85,2.85,scotch brite,limpiezadelhogar
3 bayetas multiusos multifacil spontex    amarilla,1 paquete,3.15,3.15,spontex,limpiezadelhogar
set de 8 bayetas microfibras spontex ,1 paquete,6.25,6.25,spontex,limpiezadelhogar
vela perfumada jazmin carrefour essential 1 ud,1 ud,1.85,1.85,carrefour essential,limpiezadelhogar
set de cuberteria de acero inoxidable de 60 pzas  cubertero carrefour home,1 paquete,19.99,19.99,carrefour home,limpiezadelhogar
estropajo de fibra con esponja spontex universal no raya 2 ud,2 ud,2.25,1.125,spontex,limpiezadelhogar
lavavajillas a maquina original pastillas todo en uno aroma limon fairy 71 ud,71 ud,20.7,0.2915492957746479,fairy todo en 1,limpiezadelhogar
pila alcalina carrefour itech 9v i44 6lr61 paquete 1,1 paquete,3.85,3.85,carrefour,limpiezadelhogar
colgador wc poder activo natura bref 2 ud,2 ud,2.79,1.395,bref,limpiezadelhogar
bolsas de basura cubo alto 30l 20 ud carrefour essential   azul,30l,1.85,0.06166666666666667,carrefour essential,limpiezadelhogar
lejia hogar con detergente frescor limon estrella 143 l,143 l,2.65,0.01853146853146853,estrella,limpiezadelhogar
papel higienico 2 capas simpl choice 24 rollos,24 rollos,3.89,0.16208333333333333,simpl,limpiezadelhogar
lejia con detergente estrella 143 l,143 l,2.89,0.02020979020979021,estrella,limpiezadelhogar
servilleta dos capas carrefour home 22x20 cm 500 ud   blanco,22x20,3.75,0.1875,carrefour,limpiezadelhogar
lavavajillas a mano ultra poder fairy 900 ml,900 ml,6.15,6.833333333333334,fairy ultra poder,limpiezadelhogar
bolsa de basura bano plastico reciclado carrefour essential 5l 35 ud,5l,1.14,0.22799999999999998,carrefour essential,limpiezadelhogar
suavizante concentrado colonia essential carrefour 80 lavados,80 lavados,1.8,0.0225,carrefour,limpiezadelhogar
agua de plancha desmineralizada carrefour 5 l,5 l,2.15,0.43,carrefour,limpiezadelhogar
suavizante concentrado original flor 89 lavados,89 lavados,4.25,0.047752808988764044,flor,limpiezadelhogar
estropajo salvaunas de fibras flexibles superficies delicadas carrefour expert 3 ud   azul,3 ud,0.75,0.25,carrefour,limpiezadelhogar
set 9 bayetas multiusos simpl,1 paquete,1.2,1.2,simpl,limpiezadelhogar
pilas 10 mas 10 lr03 aaa carrefour,1 paquete,5.99,5.99,carrefour,limpiezadelhogar
papel higienico original scottex 48 rollos,x 48,16.55,0.34479166666666666,scottex,limpiezadelhogar
film transparente carrefour expert 30 metros,1 paquete,1.07,1.07,carrefour,limpiezadelhogar
bolsas de basura simpl 30l 20 ud,30l,0.69,0.023,simpl,limpiezadelhogar
lavavajillas a mano frescor de limon simpl 13 l,13 l,1.12,0.08615384615384616,simpl,limpiezadelhogar
agua fuerte salfumant carrefour 1 l,1 l,1.1,1.1,carrefour,limpiezadelhogar
quitamanchas en gel ropa de color oxi power carrefour 2 l,2 l,1.75,0.875,carrefour,limpiezadelhogar
bloc wc 1 ud,1 ud,1.46,1.46,simpl,limpiezadelhogar
fregona trenzada microfibra carrefour ,1 paquete,1.99,1.99,carrefour,limpiezadelhogar
bolsas de basura especial cubo separacion carrefour essential 20l 20 ud,20l,0.99,0.0495,carrefour essential,limpiezadelhogar
limpiador perfumado volvone 750 ml,750 ml,2.05,2.733333333333333,volvone,limpiezadelhogar
set de 2 estropajos con esponja spontex poder verde,1 paquete,3.29,3.29,spontex,limpiezadelhogar
papel higienico acolchado scottex 24 rollos,x 24,14.09,0.5870833333333333,scottex acolchado,limpiezadelhogar
suavizante concentrado frutos rojos y exoticos flor twist 78 lavados,78 lavados,5.19,0.06653846153846155,flor,limpiezadelhogar
set 2 estropajos salvaunas vileda  glitzi colors,1 paquete,2.39,2.39,vileda,limpiezadelhogar
lavavajillas a maquina pastillas todo en uno limon fairy original 100 ud,100 ud,25.9,0.259,fairy todo en 1,limpiezadelhogar
ambientador automatico ropa limpia aparato y recambio essential carrefour 1 ud,1 ud,7.49,7.49,carrefour essential,limpiezadelhogar
estropajo poder verde fibra spontex xxl,1 paquete,2.29,2.29,spontex,limpiezadelhogar
ambientador electrico aroma lavanda recambio ambi pur 1 ud,1 ud,5.95,5.95,ambi pur,limpiezadelhogar
cubo con escurridor de plastico reciclado carrefour 13 l,13 l,5.95,0.45769230769230773,carrefour,limpiezadelhogar
papel higienico maxi 3 capas ecologico carrefour eco planet 6 ud,6 ud,5.09,0.8483333333333333,carrefour eco planet,limpiezadelhogar
quitamanchas oxi action vanish 480 g,480 g,7.15,14.895833333333334,vanish oxi advance,limpiezadelhogar
plato de postre en gres 19 cm carrefour home fancy   crema,1 paquete,2.99,2.99,carrefour home,limpiezadelhogar
quitamanchas gold oxi action vanish 400 g,400 g,4.99,12.475,vanish,limpiezadelhogar
ambientador electrico frescor de abril 3volution recambio ambi pur 1 ud,1 ud,5.99,5.99,ambi pur,limpiezadelhogar
estropajo vileda no raya 21 ,1 paquete,2.09,2.09,vileda,limpiezadelhogar
ambientador de varillas citronella carrefour 45 ml,45 ml,2.35,52.22222222222223,carrefour,limpiezadelhogar
papel higienico cuida  protege colhogar 12 rollos,12 rollos,8.85,0.7374999999999999,colhogar,limpiezadelhogar
set de 50 brochetas bambu carrefour home 30 cm,1 paquete,0.5,0.5,carrefour home,limpiezadelhogar
colgador wc marino carrefour expert 3 ud,3 ud,2.09,0.6966666666666667,carrefour expert,limpiezadelhogar
suavizante aromatico concentrado ayurveda tesori doriente 42 lavados ,42 lavados,4.29,0.10214285714285715,tesori doriente,limpiezadelhogar
bolsas de basura autocierre 80 reciclado 50l 10 ud alfapac   blanco,50l,2.5,0.05,alfapac,limpiezadelhogar
lavavajillas a maquina en pastillas fresh ultimate plus finish 72 ud,72 ud,26.2,0.3638888888888889,finish quantum ultimate,limpiezadelhogar
antihumedad aroma neutro aparato y recambio carrefour 1 ud,1 ud,3.15,3.15,carrefour,limpiezadelhogar
set 3 bayetas ballerina   amarillas,1 paquete,2.55,2.55,Desconocida,limpiezadelhogar
10 guantes desechables de latex carrefour  g   blanco,1 paquete,0.99,0.99,carrefour,limpiezadelhogar
pack de 2 pilas especiales 2032 de litio,1 paquete,4.29,4.29,energizer,limpiezadelhogar
plantilla desodorantes carrefour expert 1 par,1 paquete,2.55,2.55,carrefour,limpiezadelhogar
ambientador spray automatico sin aerosol aroma flor de jazmin active fresh recambio air wick 1 ud,1 ud,6.85,6.85,air wick active fresh,limpiezadelhogar
film transparente profesional carrefour expert 300 metros,1 paquete,7.99,7.99,carrefour,limpiezadelhogar
set 100 platos desechables de carton 23 cm simpl,1 paquete,5.45,5.45,simpl,limpiezadelhogar
set 4 estropajos de fibra con esponja spontex universale antibacterias,1 paquete,2.99,2.99,spontex,limpiezadelhogar
pilas alcalina carrefour itech aalr06 paquete 32,1 paquete,12.29,12.29,carrefour,limpiezadelhogar
recambio fregona de tiras algodon vileda universal,1 paquete,3.49,3.49,vileda,limpiezadelhogar
bayeta spontex n3,1 paquete,4.19,4.19,spontex,limpiezadelhogar
rollo de mantel de papel 110x100 cm ph   blanco,110x100,3.45,0.0345,ph,limpiezadelhogar
fregona microfibra poliester vileda premium 2 en 1 ,1 paquete,4.75,4.75,vileda,limpiezadelhogar
set 8 vasos de carton doble pared to go 36 cl ripple wall   negro,36 cl,2.49,6.916666666666668,papstar,limpiezadelhogar
suavizante concentrado sueno de jazmin mimosin 105 lavados,105 lavados,6.89,0.06561904761904762,mimosin,limpiezadelhogar
toallitas con locion adulto salustar 60 ud,60 ud,4.39,0.07316666666666666,salustar,limpiezadelhogar
gel para lavavajillas brillo y proteccion finish 50 lavados,50 lavados,9.05,0.18100000000000002,finish gel todo en 1,limpiezadelhogar
estropajo cif scrub mommy ,1 paquete,4.55,4.55,cif,limpiezadelhogar
plantillas deportivas carrefour expert 1 par,1 paquete,2.55,2.55,carrefour,limpiezadelhogar
detergente liquido adios al separar 43 lavados,43 lavados,13.25,0.3081395348837209,dixan,limpiezadelhogar
friegasuelos lavanda ecologico frosch 1 l,1 l,3.69,3.69,frosch,limpiezadelhogar
discos wc activos inodoros frescor marino aparato  recambio pato 1 ud,1 ud,3.25,3.25,pato wc,limpiezadelhogar
recambio 100 hojas 210x297 mm 4x4m 7 gr,210x297,3.59,0.012087542087542088,carrefour,limpiezadelhogar
limpiahogar universal con bioalcohol brillante tenn 125 l,125 l,4.49,0.03592,tenn,limpiezadelhogar
insecticida hogar lavanda casa jardin 600 ml,600 ml,4.89,8.15,casa jardin,limpiezadelhogar
papel higienico humedo con aloe vera sensitive scottex 66 ud,x 66 ud,3.25,0.04924242424242424,scottex,limpiezadelhogar
sarten de aluminio antiadherente 24 cm simpl,1 paquete,5.49,5.49,simpl,limpiezadelhogar
cintas correctoras carrefour 3x5m,3x5,4.59,0.9179999999999999,carrefour,limpiezadelhogar
filtros de cafe 2 y 4 fliss 40 ud,40 ud,0.98,0.0245,fliss,limpiezadelhogar
limpiador banos higiene profunda cillit bang 750 ml,750 ml,6.09,8.12,cillit bang,limpiezadelhogar
detergente en polvo escamas de jabon natural lagarto 400 g,400 g,3.19,7.975,lagarto,limpiezadelhogar
quitamanchas blanqueador gold oxi action vanish 960 g,960 g,11.35,11.822916666666666,vanish,limpiezadelhogar
pelador transversal tescoma expert   verde,1 paquete,3.99,3.99,tescoma,limpiezadelhogar
 detergente en liquido limpio y liso wipp express 43 lavados,43 lavados,16.09,0.3741860465116279,wipp,limpiezadelhogar
plumero fluffy mcolors,1 paquete,1.99,1.99,Desconocida,limpiezadelhogar
set de 2 filtros de agua brita maxtra pro ,1 paquete,17.99,17.99,brita,limpiezadelhogar
lejia hogar con detergente frescor limon estrella 287 l ,287 l,5.65,0.019686411149825785,estrella,limpiezadelhogar
limpiavvitroclen pist 450ml,450ml,8.89,19.755555555555556,vitroclen,limpiezadelhogar
detergente liquido delicado marsella expert carrefour 44 lavados,44 lavados,4.15,0.09431818181818183,carrefour expert,limpiezadelhogar
papel higienico acolchado carrefour 24 rollos,24 rollos,14.45,0.6020833333333333,carrefour,limpiezadelhogar
detergente liquido coladas mixtas limpia y protege adios al separar micolor 52 lavados,52 lavados,19.39,0.37288461538461537,micolor adios al separar,limpiezadelhogar
cera para terrazo y baldosa carrefour 1 l,1 l,2.29,2.29,carrefour,limpiezadelhogar
limpiador de bano tenn 13 l,13 l,3.59,0.27615384615384614,tenn,limpiezadelhogar
quitagrasas cillit bang 750 ml,750 ml,5.69,7.586666666666667,cillit bang,limpiezadelhogar
limpia tapiceria y alfombras expert carreofur 750 ml,750 ml,1.75,2.3333333333333335,carrefour expert,limpiezadelhogar
detergente liquido marsella flota 100 lavados,100 lavados,10.55,0.10550000000000001,flota,limpiezadelhogar
sarten de aluminio antiadherente 20 cm simpl,1 paquete,3.99,3.99,simpl,limpiezadelhogar
detergente en capsulas limpieza profunda higiene antiolores wipp express 33 lavados,33 lavados,13.95,0.42272727272727273,wipp,limpiezadelhogar
bolsas microperforadas cierre doble zip grandes carrefour expert 20 ud,20 ud,1.89,0.0945,carrefour,limpiezadelhogar
contactceys ceys 30ml,30ml,1.99,66.33333333333333,ceys,limpiezadelhogar
fregona tubular microfibra rozenbal   azul,1 paquete,3.49,3.49,rozenbal,limpiezadelhogar
detergente liquido para ropa de color norit 40 lavados,40 lavados,7.75,0.19375,norit,limpiezadelhogar
limpia salpicaderos krafft  520ml  bayeta,520ml,7.99,15.365384615384615,krafft,limpiezadelhogar
pulverizador de aceite 200 ml masterpro foodies,200 ml,5.99,29.95,masterpro,limpiezadelhogar
suavizante concentrado frescor marino vernel 80 lavados,80 lavados,4.69,0.058625000000000003,vernel,limpiezadelhogar
suavizante concentrado original flor 139 lavados,139 lavados,7.49,0.05388489208633094,flor,limpiezadelhogar
disco gel wc 3en1 limon carrefour expert 12 ud ,12 ud,2.39,0.1991666666666667,carrefour expert,limpiezadelhogar
set 20 vasos reutilizables 500 cc nupik,1 paquete,2.5,2.5,nupik,limpiezadelhogar
detergente liquido limpieza profunda higiene  antiolores wipp express 43 lavados,43 lavados,17.69,0.41139534883720935,wipp,limpiezadelhogar
perfumador liquido para ropa asevi 720 ml,720 ml,4.55,6.319444444444445,asevi,limpiezadelhogar
blanqueador de juntas carrefour 250 ml,250 ml,3.09,12.36,carrefour,limpiezadelhogar
ambientador de varillas frutos rojos recambio carrefour 250 ml,250 ml,6.09,24.36,carrefour,limpiezadelhogar
bolsas para bocadillos de 17x24 cm albal 50 ud,17x24,2.25,0.09375,albal,limpiezadelhogar
papel de cocina mega3 foxy 6 rollos,6 rollos,11.65,1.9416666666666667,foxy mega,limpiezadelhogar
limpia lavadoras desinfectante sanytol 240 ml,240 ml,4.99,20.791666666666668,sanytol,limpiezadelhogar
gel wc accion total oceano pato pack de 2 unidades de 750 ml,pack de 2 unidades de 750 ml,5.69,3.7933333333333334,pato wc,limpiezadelhogar
servilletas de 2 capas de papel 23x23 cm renova 90 uds   blancas,23x23,1.64,0.07130434782608695,renova,limpiezadelhogar
sarten de aluminio antiadherente 28 cm simpl,1 paquete,6.99,6.99,simpl,limpiezadelhogar
ensaladera de opal 24cm   blanco,1 paquete,2.99,2.99,simpl,limpiezadelhogar
lavavajillas a maquina en pastillas todo en uno ecologico carrefour eco planet 30 ud,30 ud,4.29,0.143,carrefour eco planet,limpiezadelhogar
set de 10 vasos de cerveza de plastico reutilizable 315 cl smart,315 cl,2.99,0.9492063492063493,smart,limpiezadelhogar
limpiador de bano con lejia aroma limon en gel wc net 750 ml,750 ml,3.29,4.386666666666667,wc net,limpiezadelhogar
espumadera de bambu 30x6 cm san ignacio natural,30x6,0.99,0.165,san ignacio,limpiezadelhogar
limpiador multisuperficies desinfectante sin lejia sanicentro 750 ml,750 ml,2.55,3.4,Desconocida,limpiezadelhogar
perfumador liquido para ropa pink asevi 720 ml,720 ml,4.55,6.319444444444445,asevi,limpiezadelhogar
lavavajillas a maquina platinum plus pastillas todo en uno fairy 30 ud,30 ud,16.39,0.5463333333333333,fairy platinum plus,limpiezadelhogar
friegasuelos perfume floral essential carrefour 15 l,15 l,1.75,0.11666666666666667,carrefour,limpiezadelhogar
gel wc limpieza total frescor pato pack de 2 unidades de 750 ml,pack de 2 unidades de 750 ml,5.69,3.7933333333333334,pato wc,limpiezadelhogar
limpiador higiene total gel banos sanytol 12 l,12 l,4.45,0.37083333333333335,sanytol,limpiezadelhogar
encendedor u140,1 paquete,3.99,3.99,bic,limpiezadelhogar
cuchara de cocina en bambu 30x6 cm san ignacio natural,30x6,0.99,0.165,san ignacio,limpiezadelhogar
perfume para la ropa en perlas concentrado rubi y jazmin lenor 195 g,195 g,8.09,41.48717948717948,lenor,limpiezadelhogar
100 guantes desechables de latex carrefour  pm   blanco,1 paquete,5.89,5.89,carrefour,limpiezadelhogar
cacerola de acero vitrificado con tapa 44l carrefour home zen   negro ,44l,19.99,0.4543181818181818,carrefour home,limpiezadelhogar
detergente liquido para lana y prendas delicadas renueva perlan 41 lavados,41 lavados,6.75,0.16463414634146342,perlan,limpiezadelhogar
detergente en capsulas original ariel 44 lavados,44 lavados,23.2,0.5272727272727272,ariel original,limpiezadelhogar
crema autobrillante caplicador negro carrefour 50 ml,50 ml,2.09,41.8,carrefour,limpiezadelhogar
lavavajillas a mano extra higiene eucalipto ultra poder fairy 650 ml,650 ml,6.69,10.292307692307693,fairy ultra poder,limpiezadelhogar
papel freidora de aire fami 100 ud,100 ud,4.59,0.045899999999999996,fami,limpiezadelhogar
bolsas de basura reciclaje envases 100 reciclado 30l 12 ud handy bag,30l,2.59,0.08633333333333333,handy bag,limpiezadelhogar
quitamanchas oxi action vanish 480 g,480 g,7.55,15.729166666666666,vanish oxi advance,limpiezadelhogar
moldes magdalena n 8 ph pack de 50 uds,pack de 50 uds,1.25,0.025,ph,limpiezadelhogar
detergente liquido limpieza profunda wipp express 55 lavados,55 lavados,24.4,0.4436363636363636,wipp,limpiezadelhogar
rallador multiusos de acero carrefour home specifique 273cm   blanco,1 paquete,1.99,1.99,carrefour home,limpiezadelhogar
pilas alcalinas d duracell plus paquete de 2,1 paquete,5.79,5.79,duracell,limpiezadelhogar
pilas alcalinas carrefour itech  aa lr06 paquete 4,1 paquete,4.45,4.45,carrefour,limpiezadelhogar
pilas alcalinas carrefour itech  aaalr03 paquete 4,1 paquete,4.45,4.45,carrefour,limpiezadelhogar
detergente liquido para la ropa de bebe frosch baby 21 lavados,21 lavados,9.79,0.46619047619047616,frosch,limpiezadelhogar
escobilla para wc de polipropileno   blanco,1 paquete,0.99,0.99,msv,limpiezadelhogar
ambientador mango y lima decosphere air wick 1 ud,1 ud,7.25,7.25,air wick decosphere,limpiezadelhogar
limpiador multiusos glassex 750 ml,x 750,3.85,0.0051333333333333335,glassex,limpiezadelhogar
papel de cocina tornado strong foxy 1 rollo,1 rollo,9.19,9.19,foxy tornado,limpiezadelhogar
suavizante concentrado delicado vernel 80 lavados,80 lavados,5.75,0.071875,vernel,limpiezadelhogar
lavavajillas a maquina en pastillas ultimate finish powerball 29 ud,29 ud,17.15,0.5913793103448275,finish quantum ultimate,limpiezadelhogar
pegamento super glue loctite 5 gr,5 gr,8.49,1698.0,loctite,limpiezadelhogar
papel higienico 3 capas seda foxy 30 rollos,30 rollos,23.0,0.7666666666666667,foxy seda,limpiezadelhogar
detergente en polvo marsella max active plus flota 84 lavados ,84 lavados,13.99,0.16654761904761906,flota,limpiezadelhogar
suavizante concentrado rosas silvestres origins mimosin 50 lavados,50 lavados,3.79,0.0758,mimosin,limpiezadelhogar
hermetico de vidrio borosilicato cuadrado 1 l carrefour home,1 l,3.99,3.99,carrefour home,limpiezadelhogar
ambientador bano nubes de algodon ambi pur 1 ud,1 ud,4.35,4.35,ambi pur,limpiezadelhogar
detergente en polvo limpieza profunda skip 75 lavados,75 lavados,14.05,0.18733333333333335,skip,limpiezadelhogar
toallitas para muebles carrefour 24 ud,24 ud,1.2,0.049999999999999996,carrefour,limpiezadelhogar
limpiacristales ecologico carrefour ecoplanet 750 ml,750 ml,2.19,2.92,carrefour eco planet,limpiezadelhogar
suavizante concentrado jazmin fresco y lavanda silvestre botanical origin 50 lavados,50 lavados,6.05,0.121,botanical origin,limpiezadelhogar
papel de cocina rollo gigante renova 2 rollos,2 rollos,4.05,2.025,renova,limpiezadelhogar
bateria de cocina de 12 piezas carrefour home   beige,12 piezas,39.9,3.3249999999999997,carrefour home,limpiezadelhogar
rasera ranurada 328 cm san ignacio odense,1 paquete,1.49,1.49,san ignacio,limpiezadelhogar
set de 80 filtros para cafetera de papel melitta 1x4   blanco,1x4,4.39,1.0975,melitta,limpiezadelhogar
plantillas confort piel natural carrefour expert 1 par,1 paquete,3.99,3.99,carrefour,limpiezadelhogar
perfume para la ropa en perlas concentrado frescor algodon lenor 195 g,195 g,8.09,41.48717948717948,lenor,limpiezadelhogar
set de mopa con palo carrefour,1 paquete,11.15,11.15,carrefour,limpiezadelhogar
suavizante concentrado mediterraneo flor 78 lavados,78 lavados,4.79,0.06141025641025641,flor,limpiezadelhogar
cubo  de agua de plastico carrefour  10 litros   translucido,1 paquete,2.39,2.39,carrefour,limpiezadelhogar
ambientador para el armario clasico don algodon 1 ud,1 ud,2.85,2.85,don algodon,limpiezadelhogar
blanqueador liquido azulete calimp 250 ml,250 ml,2.19,8.76,calimp,limpiezadelhogar
bolsas de basura jardin 100 reciclado 100l 8 ud handy bag,100l,4.99,0.0499,handy bag,limpiezadelhogar
ambientador automatico flor de cerezo  frambuesa recambio air wick 1 ud,1 ud,7.19,7.19,air wick active fresh,limpiezadelhogar
cera para todo tipo de madera carrefour 1 l,1 l,3.59,3.59,carrefour,limpiezadelhogar
bolsas para cubitos de hielo carrefour expert 10 ud,10 ud,1.68,0.16799999999999998,carrefour,limpiezadelhogar
lavavajillas a maquina en polvo classic finish 2 kg,2 kg,9.15,4.575,finish,limpiezadelhogar
limpiamuebles en spray aloe vera pronto 500 ml,500 ml,5.89,11.78,pronto,limpiezadelhogar
desatascador carrefour,1 paquete,2.39,2.39,carrefour,limpiezadelhogar
hermetico de vidrio borosilicato rectangular 15 l carrefour home,15 l,5.99,0.3993333333333334,carrefour home,limpiezadelhogar
bolsa basura autocierre de plastico reciclado 30l 15 ud alfapac   amarillo,30l,2.3,0.07666666666666666,alfapac,limpiezadelhogar
sarten de aluminio antiadherente 28 cm sanpietro fusion plus,1 paquete,20.99,20.99,sanpietro,limpiezadelhogar
gel wc super desincrustante carrefour 750 ml,750 ml,1.24,1.6533333333333333,carrefour,limpiezadelhogar
estropajo con esponja soft bano flexible scotch brite,1 paquete,2.79,2.79,scotch brite,limpiezadelhogar
papel freidora de aire tipo molde fami 50 ud,50 ud,5.45,0.109,fami,limpiezadelhogar
detergente liquido jabon de marsella omino bianco 67 lavados,67 lavados,15.99,0.23865671641791045,omino bianco,limpiezadelhogar
limpia inyectores diesel wynns 325 ml,325 ml,12.99,39.96923076923077,wynns,limpiezadelhogar
2 guantes especial lejia de nitrilo carrefour  p   verde,1 paquete,1.95,1.95,carrefour,limpiezadelhogar
bolsas de basura fijacion elastica 100 reciclado 30l 12 ud handy bag,30l,3.65,0.12166666666666666,handy bag,limpiezadelhogar
detergente liquido dixan 60 lavados,60 lavados,15.99,0.2665,dixan,limpiezadelhogar
detergente en polvo a mano wipp express 500 g,500 g,3.95,7.9,wipp express,limpiezadelhogar
set 2 estropajos fibra con esponja vileda glitzi colors,1 paquete,2.39,2.39,vileda,limpiezadelhogar
escoba de goma carrefour,1 paquete,5.75,5.75,carrefour,limpiezadelhogar
suavizante concentrado frescor floral mimosin 56 lavados,56 lavados,3.79,0.06767857142857144,mimosin,limpiezadelhogar
limpia cristales de caucho y polipropileno carrefour   verde,1 paquete,2.59,2.59,carrefour,limpiezadelhogar
colgador wc momentos de relax perfume armonia con aceites esenciales bref 2 ud,2 ud,4.35,2.175,bref,limpiezadelhogar
ensaladera de gres 24 cm carrefour home fancy   crema,1 paquete,5.99,5.99,carrefour home,limpiezadelhogar
suavizante concentrado azul flor elixir 63 lavados,63 lavados,6.39,0.10142857142857142,flor elixir,limpiezadelhogar
lavavajillas a mano maxi poder fairy 980 ml ,980 ml,7.85,8.010204081632653,fairy maxi poder,limpiezadelhogar
crema liquida color azul marino carrefour 50 ml,50 ml,0.95,18.999999999999996,carrefour,limpiezadelhogar
estropajo cif scrub daddy,1 paquete,4.55,4.55,cif,limpiezadelhogar
bolsas de basura autocierre antibacterias 30l 15 ud alfapac   verde,30l,2.3,0.07666666666666666,alfapac,limpiezadelhogar
crema liquida autobrillante incolora carrefour 50 ml,50 ml,0.95,18.999999999999996,carrefour,limpiezadelhogar
asador de aluminio antiadherente 28x28 cm sanpietro fusion plus,28x28,19.99,0.7139285714285714,sanpietro,limpiezadelhogar
suavizante concentrado leche de almendra ecologico frosch 30 lavados,30 lavados,3.55,0.11833333333333333,frosch,limpiezadelhogar
detergente liquido total 41 dixan 85 lavados,85 lavados,20.5,0.2411764705882353,dixan,limpiezadelhogar
detergente liquido maxima eficacia skip 45 lavados,45 lavados,14.75,0.3277777777777778,skip,limpiezadelhogar
sarten antiadherente induccion aluminio carrefour home 20 cm,1 paquete,6.99,6.99,carrefour home,limpiezadelhogar
limpia maquinas intensivo duo power experts somat 250 ml,250 ml,4.55,18.2,somat,limpiezadelhogar
hermetico rectangular de plastico 680 ml carrefour klipfresh,680 ml,3.39,4.985294117647059,carrefour,limpiezadelhogar
panuelos allergy kleenex caja de 56 ud,56 ud,2.79,0.04982142857142857,kleenex,limpiezadelhogar
crema liquida autobrillante marron carrefour 50 ml,50 ml,0.95,18.999999999999996,carrefour,limpiezadelhogar
suavizante concentrado aromaterapia  agua de coco y minerales vernel 80 lavados,80 lavados,4.99,0.062375,vernel,limpiezadelhogar
tijeras de cocina de acero inoxidable 198 cm san ignacio,1 paquete,2.39,2.39,bergner,limpiezadelhogar
limpiacristales con amoniaco cristasol 1 l,1 l,3.29,3.29,cristasol,limpiezadelhogar
quitamanchas accidentales aplicador nodulos cebralin 150 ml,150 ml,4.15,27.66666666666667,cebralin,limpiezadelhogar
set 5 bandejas de aluminio carrefour 2 l,2 l,3.99,1.995,carrefour,limpiezadelhogar
insecticida exteriores para moscas y mosquitos aerosol carrefour 500 ml,500 ml,3.89,7.78,carrefour,limpiezadelhogar
ambientador spray automatico sin aerosol aroma brisa marina active fresh recambio air wick 1 ud,1 ud,6.85,6.85,air wick active fresh,limpiezadelhogar
lavavajillas a maquina en pastillas todo en 1 somat 26 ud ,26 ud,7.95,0.3057692307692308,somat,limpiezadelhogar
lapices grafito hb staedtler noris 10 uds,10 uds,6.59,0.659,staedtler,limpiezadelhogar
vela perfumada delicadezza carrefour essential 1 ud,1 ud,1.85,1.85,carrefour essential,limpiezadelhogar
detergente en capsulas color todoen1 pods ariel 35 lavados,35 lavados,20.3,0.5800000000000001,ariel,limpiezadelhogar
bolsas de basura ultra resistente 100 reciclado 30l 12 ud handy bag,30l,3.09,0.103,handy bag,limpiezadelhogar
set de 6 vasos de vidrio 265 cl esprit,265 cl,2.59,0.9773584905660377, ,limpiezadelhogar
suavizante concentrado melocoton y citricos flor twist 78 lavados,78 lavados,5.19,0.06653846153846155,flor,limpiezadelhogar
palo para fregona de acero vileda   rojo,1 paquete,4.55,4.55,vileda,limpiezadelhogar
pack 2 boligrafos tinta base de aceite super grip azules,1 paquete,3.39,3.39,pilot,limpiezadelhogar
spray limpia gafas y pantallas fami 30 ml,30 ml,3.09,103.0,fami,limpiezadelhogar
pegamento de barra,1 paquete,3.59,3.59,mp,limpiezadelhogar
escoba para exterior carrefour ,1 paquete,2.59,2.59,carrefour,limpiezadelhogar
apresto planchado facil 2 en 1 carrefour essential 750 ml,750 ml,2.19,2.92,carrefour essential,limpiezadelhogar
ambientador de varillas azahar y mandarina cristalinas 35 ml,35 ml,5.99,171.14285714285714,cristalinas,limpiezadelhogar
detergente liquido ciclos cortos antiolor skip 37 lavados,37 lavados,10.85,0.29324324324324325,skip,limpiezadelhogar
set 5 vasos reutilizables 1200 cc nupik,1 paquete,3.99,3.99,nupik,limpiezadelhogar
cubo  de fregar de plastico vileda super facil 10 litros   rojo,1 paquete,14.89,14.89,vileda,limpiezadelhogar
cacerola de acero inoxidable vulcano con tapa 18 cm   inox,1 paquete,9.99,9.99,vulcano,limpiezadelhogar
barreno cuadrado carrefour 10 l   gris,10 l,2.49,0.24900000000000003,carrefour,limpiezadelhogar
ambientador de varillas flor de jazmin recambio carrefour 250 ml,250 ml,6.09,24.36,carrefour,limpiezadelhogar
lejia hogar con detergente frescor azul estrella 287 l,287 l,5.65,0.019686411149825785,estrella,limpiezadelhogar
bolsas multiusos con cierre cremallera zipper 3l albal 8 ud,3l,3.45,1.1500000000000001,albal,limpiezadelhogar
lavavajillas a maquina en pastillas clasico ecologico carrefour eco planet 30 ud,30 ud,3.75,0.125,carrefour eco planet,limpiezadelhogar
bolsa papel bocadillo fliss 30 ud,30 ud,2.09,0.06966666666666667,fliss,limpiezadelhogar
limpiacristales con brillo protector luminia 750 ml,750 ml,2.89,3.8533333333333335,luminia,limpiezadelhogar
cacerola de acero inoxidable vulcano con tapa 24 cm   inox,1 paquete,11.99,11.99,vulcano,limpiezadelhogar
ambientador de coche aroma a limpio aura 1 ud,1 ud,2.49,2.49,Desconocida,limpiezadelhogar
botella de vidrio 1 l carrefour home,1 l,1.99,1.99,carrefour home,limpiezadelhogar
sarten de acero vitrificado 28 cm carrefour home zen   negro ,1 paquete,11.99,11.99,carrefour home,limpiezadelhogar
tinte para la ropa azul marino iberia 1 ud,1 ud,3.29,3.29,iberia,limpiezadelhogar
quitamanchas spray romar 210 cc,1 paquete,2.19,2.19,romar,limpiezadelhogar
cuchara ranura 325 cm san ignacio odense,1 paquete,1.49,1.49,san ignacio,limpiezadelhogar
pilas alcalinas 9v duracell plus paquete de 1,1 paquete,5.79,5.79,duracell,limpiezadelhogar
set 2 bayetas suave vileda ultra fresh ,1 paquete,3.65,3.65,vileda,limpiezadelhogar
servilletas de papel 2 capas 39x39 cm renova 75 unid   blancas,39x39,3.99,0.10230769230769231,marca nacional sin marca,limpiezadelhogar
panuelos 3 capas resistente ecologico carrefour ecoplanet 100 ud,100 ud,2.39,0.0239,carrefour eco planet,limpiezadelhogar
limpiador multiusos con efecto anti polvo recambio cristasol 750 ml,750 ml,2.95,3.9333333333333336,cristasol,limpiezadelhogar
colgador antipolillas perfumador agua de colonia polil 2 ud,2 ud,5.39,2.695,polil,limpiezadelhogar
detergente liquido colores vivos limpia y revive micolor 52 lavados,52 lavados,18.99,0.36519230769230765,micolor,limpiezadelhogar
limpiamuebles ocedar 400 ml,400 ml,5.39,13.474999999999998,ocedar,limpiezadelhogar
ambientador difusor aroma explosion citrica energizante essential mist recambio air wick 1 ud,1 ud,7.49,7.49,air wick essential mist,limpiezadelhogar
plumero atrapapolvo con 5 recambios carrefour 1 ud,1 ud,2.55,2.55,carrefour,limpiezadelhogar
fregona tiras doble cara de microfibra kh7 ,1 paquete,5.55,5.55,kh 7,limpiezadelhogar
detergente en polvo activo colon 50 lavados,50 lavados,15.49,0.3098,colon,limpiezadelhogar
toallitas suavizante para secadora elixir flor 40 hojas,40 hojas,6.49,0.16225,flor,limpiezadelhogar
lejia accion total conejo 2 l,2 l,3.25,1.625,conejo,limpiezadelhogar
set 200 servilletas blancas 2 capas 33x33 cm carrefour home,33x33,2.89,0.08757575757575758,carrefour home,limpiezadelhogar
lavavajillas a maquina en pastillas perfume limon todo en uno carrefour expert 30 ud,30 ud,2.95,0.09833333333333334,carrefour expert,limpiezadelhogar
abrillantador lavavajillas carrefour expert 1 l,1 l,1.6,1.6,carrefour expert,limpiezadelhogar
limpiacristales cristalino cristasol 750 ml,750 ml,2.69,3.5866666666666664,cristasol,limpiezadelhogar
limpiador multiusos blanco en crema cif 750 ml,750 ml,3.25,4.333333333333333,cif,limpiezadelhogar
quitamanchas en pulverizador sin manchas kh 7 780 ml,780 ml,5.45,6.987179487179487,kh 7,limpiezadelhogar
bolsa de basura comunidad simpl 100l 10 ud,100l,1.24,0.0124,simpl,limpiezadelhogar
lavavajillas a mano pieles sensibles aloe vera y jojoba carrefour essential 750 ml,750 ml,1.35,1.8,carrefour,limpiezadelhogar
papel higienico 3 capas ultra confort carrefour 32 rollos,32 rollos,15.39,0.4809375,carrefour,limpiezadelhogar
lavavajillas a mano poder 3en1 limon fairy 500 ml,500 ml,6.35,12.7,fairy,limpiezadelhogar
lejia densa expert carrefour 2 l,2 l,1.2,0.6,carrefour,limpiezadelhogar
lavaparabrisas antimosquitos  4 clean paddok 5 l,5 l,3.59,0.718,clean paddock,limpiezadelhogar
fregona simpl   amarilla,1 paquete,0.74,0.74,simpl,limpiezadelhogar
lavavajillas a mano ultra original fairy 1015 ml,1015 ml,3.95,3.891625615763547,fairy ultra,limpiezadelhogar
ambientador spray ropa limpia essential carrefour 300 ml,300 ml,1.15,3.833333333333333,carrefour essential,limpiezadelhogar
suavizante concentrado floral essential carrefour 80 lavados,80 lavados,1.8,0.0225,carrefour,limpiezadelhogar
panuelo mini mentol carrefour soft paquete 10 ud,10 ud,1.8,0.18,carrefour,limpiezadelhogar
lejia uso domestico carrefour 5 l,5 l,1.85,0.37,carrefour,limpiezadelhogar
lavavajillas a mano concentrado fairy 125 l,125 l,6.39,0.05112,fairy ultra poder,limpiezadelhogar
limpiacristales con amoniaco 3 en 1 expert carrefour 1 l,1 l,1.23,1.23,carrefour,limpiezadelhogar
papel higienico megarollo scottex 36 rollos,x 36,24.4,0.6777777777777777,scottex,limpiezadelhogar
plato hondo de vidrio opal simpl 20 cm,1 paquete,0.99,0.99,simpl,limpiezadelhogar
desinfectate para la colada elimina olores sanytol 12 l,12 l,6.39,0.5325,sanytol,limpiezadelhogar
limpia hogar spray mousse accion lejia blanqueador y desengrasante spray ace 700 ml,700 ml,4.25,6.071428571428572,ace,limpiezadelhogar
hermetico rectangular bajo de plastico 1l carrefour klipfresh,1l,3.99,3.99,carrefour,limpiezadelhogar
ambientador automatico freshmatic fragancia nenuco recambio air wick 1 ud,1 ud,5.75,5.75,air wick freshmatic,limpiezadelhogar
lavavajillas a maquina en pastillas finish powerball quantum 64 ud,64 ud,20.7,0.3234375,finish quantum,limpiezadelhogar
ambientador de lavavajillas aroma lima y limon finish 2 ud,2 ud,8.85,4.425,finish,limpiezadelhogar
detergente en capsulas con carbon vegetal ecologico eco planet carrefour 22 ud,22 ud,5.45,0.24772727272727274,carrefour eco planet,limpiezadelhogar
trampa mata hormigas carrefour pack de 3 unidades de 5 g,pack de 3 unidades de 5 g,3.59,239.33333333333334,carrefour,limpiezadelhogar
lapices de grafito varias durezas hb2h2b carrefour 4 uds,4 uds,0.99,0.2475,carrefour,limpiezadelhogar
detergente liquido limpieza profunda higiene  antiolores wipp express 55 lavados,55 lavados,23.2,0.4218181818181818,wipp,limpiezadelhogar
detergente liquido ciclos cortos eficacia express skip 37 lavados,37 lavados,12.59,0.3402702702702703,skip,limpiezadelhogar
colgador wc momentos de relax perfume serenidad con aceites esenciales bref 2 ud,2 ud,4.45,2.225,bref,limpiezadelhogar
ambientador un toque lavanda recambio glade by brise 2 ud,2 ud,7.75,3.875,glade un toque,limpiezadelhogar
limpiador de metales algodon magico stark 75 g,75 g,3.55,47.333333333333336,stark,limpiezadelhogar
set de 50 vasos carton nupik 100 cc   blanco,1 paquete,2.75,2.75,nupik,limpiezadelhogar
discos wc activos azul aparato  recambio pato 1 ud,1 ud,3.25,3.25,pato wc,limpiezadelhogar
ambientador automatico freshmatic fragancia delicias de verano recambio air wick 1 ud,1 ud,5.75,5.75,air wick freshmatic,limpiezadelhogar
apresto instantaneo para planchado spray toke 500 ml,500 ml,5.59,11.18,toke,limpiezadelhogar
cartucho de recambio de filtro de agua brita on tap v,1 paquete,15.9,15.9,brita,limpiezadelhogar
discos wc activos aroma lavanda recambio pato 2 ud,2 ud,5.69,2.845,pato wc,limpiezadelhogar
limpia multisuperficies pronto 250 ml,250 ml,4.29,17.16,pronto,limpiezadelhogar
tapa antisalpicaduras de acero inoxidable carrefour home 32 cm,1 paquete,6.99,6.99,carrefour home,limpiezadelhogar
lavavajillas a maquina en pastillas quantum powerball finish 34 ud,34 ud,15.05,0.44264705882352945,finish quantum,limpiezadelhogar
set de 3 filtros de agua brita maxtra pro ,1 paquete,25.9,25.9,brita,limpiezadelhogar
cazo induccion aluminio carrefour home 16 cm,1 paquete,8.99,8.99,carrefour home,limpiezadelhogar
cartucho filtrante para agua brita on tap mf,1 paquete,25.9,25.9,brita,limpiezadelhogar
eliminador de humos wynns 325 ml,325 ml,12.99,39.96923076923077,wynns,limpiezadelhogar
grasa de caballo incolora para el calzado bufalo 75 ml,75 ml,3.09,41.2,bufalo,limpiezadelhogar
colgador wc gel brillante todo en 1 frescor de primavera bref 2 ud,2 ud,3.79,1.895,bref,limpiezadelhogar
bolsas de congelacion 2 tamanos ziploc albal 20 ud,20 ud,4.39,0.21949999999999997,albal,limpiezadelhogar
ambientador automatico nenuco recambio air wick 228 ml,228 ml,7.25,31.798245614035086,air wick,limpiezadelhogar
detergente liquido con jabon de marsella essential carrefour 28 lavados,28 lavados,3.85,0.1375,carrefour essential,limpiezadelhogar
cuchillo multiusos de acero inoxidable 125 cm san ignacio resa,1 paquete,3.99,3.99,san ignacio,limpiezadelhogar
ambientador difusor aroma lavanda relajante essential mist recambio air wick 1 ud,1 ud,7.49,7.49,air wick essential mist,limpiezadelhogar
cepillo de fregar carrefour   gris,1 paquete,1.9,1.9,carrefour,limpiezadelhogar
set 10 bandejas de aluminio carrefour 05 l,05 l,2.99,0.5980000000000001,carrefour,limpiezadelhogar
insecticida antiacaros carrefour 250 ml,250 ml,2.09,8.36,carrefour,limpiezadelhogar
bolsas de congelacion medianas albal 40 ud,40 ud,3.65,0.09125,albal,limpiezadelhogar
guante reforzado de latex carrefour  p 2 ud   bicolor,2 ud,1.5,0.75,carrefour,limpiezadelhogar
papel cuadrado especial para freidoras de aire ecofami 50 ud,50 ud,5.59,0.1118,fami,limpiezadelhogar
corrector cinta tipp ex micro tape twist 21,1 paquete,6.19,6.19,bic,limpiezadelhogar
detergente en capsulas toque de lenor frescor sensaciones platinum ariel 35 lavados,35 lavados,23.8,0.68,ariel,limpiezadelhogar
sarten carrefour home ceracook antiadherente ceramico de aluminio apto induccion 20 cm ,1 paquete,9.99,9.99,carrefour home,limpiezadelhogar
ceras bic plastidecor 12 ud,12 ud,3.19,0.2658333333333333,bic,limpiezadelhogar
papel para envolver alimentos fliss 30 m,1 paquete,2.79,2.79,fliss,limpiezadelhogar
duo salvaunas spontes frotamax verde,1 paquete,3.69,3.69,spontex,limpiezadelhogar
fregona hilo superabsorbente kh7,1 paquete,3.09,3.09,kh 7,limpiezadelhogar
triturador de patata acero inoxidable carrefour home,1 paquete,4.99,4.99,carrefour home,limpiezadelhogar
recogedor de mano carrefour   gris,1 paquete,1.99,1.99,carrefour,limpiezadelhogar
arena absorbente para gatos 7l 47 kg  carrefour,7l,1.45,0.20714285714285713,simpl,mascotas
comida humeda mousse de pescado del oceano para gato adulto purina gourmet gold 85 g,85 g,0.89,10.470588235294118,gourmet,mascotas
comida humeda de ave de corral para gato adulto simpl 100 g,100 g,0.48,4.8,simpl,mascotas
gelatina seleccion de pescado para gatos felix original purina 4x85 g,4x85,1.99,0.023411764705882354,felix,mascotas
arena absorbente perfumada para gatos carrefour 5 kg,5 kg,1.99,0.398,carrefour,mascotas
comida humeda de pollo para gato adulto purina gourmet gold 85 g,85 g,0.89,10.470588235294118,gourmet,mascotas
comida humeda de pollo para gato junior vitalive carrefour 100 g,100 g,0.6,5.999999999999999,carrefour,mascotas
comida humeda de buey para gato adulto simpl 100 g,100 g,0.48,4.8,simpl,mascotas
snack de buey para perro vitakraft beef stick,1 paquete,0.59,0.59,vitakraft,mascotas
gelatina seleccion de pescados para gatos adulto vitalive carrefour 4 sobres de 100 g,100 g,1.25,12.5,carrefour,mascotas
comida humeda de pescado para gatos pescado carrefour 12x100 g,12x100,3.39,0.0339,carrefour,mascotas
comida humeda carne surtida para gatos carrefour 12 x100 g,12 x100,3.35,0.0335,carrefour,mascotas
comida humeda en salsa seleccion clasicos para gato adulto whiskas 4x85 g,4x85,2.55,0.03,whiskas,mascotas
arena absorbente perfumada para gatos carrefour 10 kg,10 kg,3.59,0.359,carrefour,mascotas
palitos trenzpollo 8 ud crf p,8 ud,2.49,0.31125,carrefour,mascotas
comida humeda en gelatina seleccion pescados para gato adulto whiskas 4x85 g,4x85,2.55,0.03,whiskas,mascotas
comida humeda de oollo para gato adulto gourmet gold fondant 85 g,85 g,0.89,10.470588235294118,gourmet,mascotas
snack de pescado para gatos minies snack carrefour 50 g,50 g,0.77,15.4,carrefour,mascotas
snack de pollo para gato candy snacks carrefour 60 g,60 g,0.91,15.166666666666668,carrefour,mascotas
perlas silice para gato carrefour 5l,5l,4.29,0.858,carrefour,mascotas
bolsas higienicas cocosi pack 4x20 uds,4x20 ud,1.95,0.0975,cocosi,mascotas
comida humeda de carne para gato junior whiskas 4x85 g,4x85,2.55,0.03,whiskas,mascotas
comida humeda de salmon para gato adulto vitalive carrefour 100 g,100 g,0.6,5.999999999999999,carrefour,mascotas
arena absorbente higienica para gatos carrefour 10 kg,10 kg,3.59,0.359,carrefour,mascotas
snack tiras de pollo carrefour snapies low fat 10 unidaes 104 g,104 g,0.72,6.923076923076923,carrefour,mascotas
snack para gato purina felix party mix grill 60 g,60 g,1.95,32.5,felix,mascotas
pienso de salmon y atun para gatos esterilizados purina one 15 kg,15 kg,10.15,0.6766666666666666,purina one,mascotas
comida humeda seleccion en salsa de carne y verduras para gatos adultos vitalive carrefour 24 sobres de 100 g,100 g,6.65,66.5,carrefour,mascotas
perlas absorbentes higienicas para gato magic clean vitakraft 42l  185 kg,42l,5.49,0.13071428571428573,vitakraft,mascotas
snacks de pollo para gatos catisfactions 180 g,180 g,4.49,24.944444444444446,catisfactions,mascotas
comida humeda de pollo para perros senior cesar 150 g,150 g,1.69,11.266666666666667,cesar,mascotas
arena para gato aglomerada ligera sepicat extreme  8l,8l,8.19,1.02375,sepicatt,mascotas
comida humeda arroz y zanahora para perro adulto canibaq 1 kg,1 kg,1.85,1.85,canibaq,mascotas
snack stick de pato carrefour 8 unidades 50 g,50 g,2.15,42.99999999999999,carrefour,mascotas
comida humeda mousse surtido para gato adulto purina gourmet gold 12x85 g,12x85,8.59,0.10105882352941176,gourmet,mascotas
croquetas para gato carne carrefour,1 paquete,5.95,5.95,carrefour,mascotas
pienso de carne para gatos adultos simpl 75 kg,75 kg,8.99,0.11986666666666666,simpl,mascotas
pienso de pescado para gatos adultos simpl 4 kg,4 kg,5.05,1.2625,simpl,mascotas
hierba para gatos carrefour ,1 paquete,0.99,0.99,carrefour,mascotas
snack barritas de pollo y buey para perro carrefour duo snapies 100 g,100 g,0.72,7.199999999999999,carrefour,mascotas
comida humeda mousses para gato adulto purina gourmet gold  24x85 g,24x85,16.49,0.19399999999999998,gourmet,mascotas
snack stick mini pescado omega 3 para gato adulto cat stick 3 ud,3 ud,0.99,0.33,vitakraft,mascotas
snack de bacon para perros purina friskies bon bacon 120 g,120 g,2.35,19.583333333333336,friskies,mascotas
snacks de buey para gatos catisfactions 60 g,60 g,1.99,33.166666666666664,catisfactions,mascotas
comida humeda mousse de salmon para gato adulto poesie 85 g,85 g,0.79,9.294117647058822,vitakraft,mascotas
comida humeda de pollo y atun para gato purina one sensitive 4x85 g,4x85,3.29,0.03870588235294118,purina one,mascotas
comida humeda de pollo y buey para gato adulto purina one 4x85 g,4x85,3.29,0.03870588235294118,purina one,mascotas
snack dental para perro mediano grande carrefour 7 unidades 180 g,180 g,1.48,8.222222222222223,carrefour,mascotas
snack de pollo y pato para perro pedigree tasty mini 130 g,130 g,2.79,21.46153846153846,pedigree,mascotas
comida humeda de pato pollo y pavo para gato adulto purina gourmet mon petit 6x50g,6x50,3.05,0.061,gourmet mom petit,mascotas
gelatina seleccion de carnes para gatos felix fantastic purina 12x85 g,12x85,7.35,0.08647058823529412,felix,mascotas
pienso de buey para gatos sterilcat one stericat purina one 800 g,800 g,5.69,7.1125,purina one,mascotas
barritas de miel para canarios carrefour 2 unidades de 30 g,30 g,1.21,40.333333333333336,carrefour,mascotas
comida humeda seleccion de pescados para gato adulto gourmet mon petit 6x50 g,6x50,3.05,0.061,gourmet mom petit,mascotas
gelatina seleccion de pescados para gato adulto felix sensations purina 4x85 g,4x85,2.65,0.03117647058823529,felix,mascotas
purina felix snacks para gatos party mix seaside mix 200g,x 200,4.35,0.02175,felix,mascotas
snack mini atun y bacalao para gato adulto cat stick 3 ud,3 ud,0.99,0.33,vitakraft,mascotas
pienso de pescado para gato adulto  brekkies excel  35 kg,35 kg,11.45,0.3271428571428571,brekkies excel,mascotas
comida humeda de carne para perro golden can 124 kg,124 kg,2.99,0.024112903225806455,golden can,mascotas
hanseaten heno para roedores 1kg,1kg,3.49,3.49,vitakraft,mascotas
huesos masticables para perro frolic chew bones 170 g,170 g,1.99,11.705882352941176,frolic,mascotas
pienso de atun salmon cereales y verdura para gato adulto brekkies excel 900 g,900 g,4.25,4.722222222222222,brekkies excel,mascotas
arena para gato sanicat zen6 l,6 l,8.65,1.4416666666666667,sanicat,mascotas
comida humeda bocaditos de carne en salsa para perros vitalive carrefour 12 sobres de 100 g,100 g,4.45,44.5,carrefour,mascotas
gelatina seleccion con verduras para gatos felix fantastic purina 4x85 g,4x85,2.65,0.03117647058823529,felix,mascotas
snack para gato purina felix party mix cheezy 60 g,60 g,1.95,32.5,felix,mascotas
snack delicias de leche para gato purina felix 60 g,x 60,1.95,0.0325,felix,mascotas
comida humeda finas lonchas de pollo para gato adulto purina gourmet diamant 85 g,85 g,1.39,16.352941176470587,gourmet,mascotas
comida humeda de buey ternera y cordero para gato purina gourmet mon petit 6x50 g,6x50,3.05,0.061,gourmet mom petit,mascotas
bloque de calcio para tortugas,1 paquete,0.99,0.99,sandimas,mascotas
alimento humedo de carne y pescado para gato felix 44x85 g,x 44,22.5,0.5113636363636364,felix,mascotas
snack para gato purina felix party mix original mix maxi pack 200 g,200 g,4.35,21.749999999999996,felix,mascotas
snack de ternera para gato adulto mas inulina vitalkrat 6 ud,6 ud,2.49,0.41500000000000004,vitakraft,mascotas
snack de pollo y buey de perro carrefour twisties 8 unidades 140 g,140 g,1.39,9.928571428571427,carrefour,mascotas
snacks de queso para gatos catisfactions 60 g,60 g,1.99,33.166666666666664,catisfactions,mascotas
gelatina seleccion de carnes para gatos felix duo purina 12 sobres,12 sobres,7.35,0.6124999999999999,felix,mascotas
pienso de salmon y verduras para gato adulto purina friskies 5 promesas 4 kg,4 kg,11.65,2.9125,friskies,mascotas
comida humeda finas laminas de gelatina para gato adulto purina gourmet perle 4x85 g,4x85,3.29,0.03870588235294118,gourmet perle,mascotas
snacks de queso y salmon para gatos catisfactions 60 g,60 g,1.99,33.166666666666664,catisfactions,mascotas
croquetas de buey para perro cachorro carrefour 4 kg,4 kg,6.85,1.7125,carrefour,mascotas
pienso de buey y pollo con verduras para gato adulto 5 promesas purina friskies 15 kg,15 kg,5.15,0.3433333333333334,friskies,mascotas
pienso de buey y verduras para gatos carrefour 4 kg,4 kg,5.95,1.4875,carrefour,mascotas
snack para perro purina friskies picnic variety 15 sticks 126 g,126 g,2.35,18.650793650793652,friskies,mascotas
pienso de pollo para perros adultos medianos y grandes ultima 3 kg,3 kg,11.89,3.9633333333333334,ultima,mascotas
pienso de atun con verduras para gato adulto purina friskies 5 promesas 15 kg,15 kg,5.15,0.3433333333333334,friskies,mascotas
comida humeda seleccion carnes mixtas en gelatina para perro cesar pack de 4 unidades de 100 g,pack de 4 unidades de 100 g,3.59,8.975,cesar,mascotas
snacks de salmon para gatos catisfactions 180 g,180 g,4.49,24.944444444444446,catisfactions,mascotas
snack relleno,1 paquete,1.61,1.61,carrefour,mascotas
comida humeda sabor atun para gato adulto purina gourmet 4x57 g,4x57,3.49,0.061228070175438604,gourmet revelations,mascotas
gelatina seleccion de pescados para gatos felix sensations purina 12 sobres,12 sobres,7.35,0.6124999999999999,felix,mascotas
pienso de conejo pollo y verdura para gato adulto  purina friskies  4 kg,4 kg,11.65,2.9125,friskies,mascotas
pienso esterilizado de pollo para gato brekkies 3 kg,3 kg,11.79,3.9299999999999997,brekkies excel,mascotas
comida humeda en gelatina selecciones favoritas para gatos purina felix fantastic 12x85 g,12x85,7.35,0.08647058823529412,felix,mascotas
pienso de pollo y verduras para perro adulto purina friskies vitafit complete 15 kg,15 kg,35.0,2.3333333333333335,friskies,mascotas
comida humeda seleccion recetas campesinas para perro cesar pack de 4 unidades de 150 g,pack de 4 unidades de 150 g,6.09,10.15,cesar,mascotas
comida humeda de conejo para gatos simply 400 g,400 g,1.19,2.9749999999999996,simpl,mascotas
comida para periquitos grandes y loro vitalive carrefour 1kg,1kg,1.82,1.82,carrefour,mascotas
comida humeda de buey pollo atun y salmon para gato adulto purina gourmet gold tartelette 24x85 g,24x85,16.49,0.19399999999999998,gourmet,mascotas
pienso de salmon para perro adulto mini ultima 125 kg,125 kg,7.99,0.06392,ultima,mascotas
pienso de buey para perros adultos brekkies excel delicious 3 kg,3 kg,9.45,3.15,brekkies excel,mascotas
pienso de pollo y arroz para gato adulto ultima 15 kg,15 kg,9.99,0.666,ultima,mascotas
comida humeda pescado del oceano para gato adulto purina gourmet natures creations 85 g,85 g,1.39,16.352941176470587,gourmet nature,mascotas
snacks de buey y bacon para perro pedigree rodeo duos 123 g,123 g,2.09,16.991869918699187,pedigree,mascotas
comida humeda de pollo para gato adulto purina gourmet perle 4x85 g,4x85,3.29,0.03870588235294118,gourmet perle,mascotas
pienso de buey y verduras para gato adulto brekkies excel 15 kg,15 kg,4.95,0.33,brekkies excel,mascotas
comida humeda para gato adulto purina gourmet gold  8x85 g,8x85,5.79,0.06811764705882353,gourmet,mascotas
comida humeda seleccion carnes mixtas en salsa para perro cesar pack de 4 unidades de 100 g,pack de 4 unidades de 100 g,3.55,8.874999999999998,cesar,mascotas
pienso de pescado para gatos sensitive purina one 15 kg,15 kg,10.15,0.6766666666666666,purina one,mascotas
comida humeda de mousse con salmon para gato adulto purina gourmet 4x57 g,4x57,3.49,0.061228070175438604,gourmet revelations,mascotas
snacks de pollo para perros cachorros pedigree tasty minis junior 125 g,125 g,2.79,22.32,pedigree,mascotas
comida humeda tartalette surtido para gato adulto purina gourmet gold 12x85 g,12x85,8.59,0.10105882352941176,gourmet,mascotas
snack bagel con pollo para perro mini adulto gentle chef aritos 2 uds,2 uds,3.85,1.925,gentle chef,mascotas
pienso de pollo y verdura para gato junior purina friskies 15 kg,15 kg,5.69,0.37933333333333336,friskies,mascotas
pienso digestivo de salmon para perros mini ultima 15 kg,15 kg,8.95,0.5966666666666666,ultima,mascotas
comida humeda bocaditos en salsa para gatos suprem carrefour pack de 4 sobres de 85 g,pack de 4 sobres de 85 g,1.75,0.4375,carrefour,mascotas
pienso de buey para perro adulto purina friskies vitafit active 15 kg,15 kg,35.0,2.3333333333333335,friskies,mascotas
pienso esterilizado de salmon para gato adulto ultima cat 25 kg,25 kg,17.99,0.7195999999999999,ultima,mascotas
comida humeda mousse de ternera para gato adulto vitakraft poesie 85 g,85 g,0.79,9.294117647058822,vitakraft,mascotas
carrefour gammarus comida para tortugas 25g,25g,2.05,81.99999999999999,carrefour,mascotas
comida humeda de pescado para gato whiskas 12x85 g,12x85,6.29,0.074,whiskas,mascotas
comida humeda para gato esterilizado ultima  85x4 g,85x4,2.99,0.7475,ultima,mascotas
comida humeda para gato adulto purina gourmet gold doble placer 8x85 g,8x85,5.79,0.06811764705882353,gourmet,mascotas
gelatina seleccion de carnes para gatos felix sensations purina 12x85 g,12x85,7.35,0.08647058823529412,felix,mascotas
pienso para perro adulto bon menu receta mediterranea 4 kg,4 kg,8.95,2.2375,bon menu,mascotas
comida humeda surtido de carnes para gato adulto purina gourmet gold doble placer 12x85 g,12x85,8.59,0.10105882352941176,gourmet,mascotas
snack para perros sabor bufalo purina adventuros sticks 120 g,120 g,1.99,16.583333333333332,adventuros,mascotas
pienso de salmon y arroz digestion delicada para perro mini purina one mini sensitive 15 kg,15 kg,7.19,0.47933333333333333,purina one,mascotas
pienso esterilizado control bolas de pelo sabor pollo para gato purina one 15 kg,15 kg,10.15,0.6766666666666666,purina one,mascotas
comida humeda de carnes para gato adulto whiskas 12x85 g,12x85,6.45,0.07588235294117647,whiskas,mascotas
galletas para perros carrefour 15 kg,15 kg,3.89,0.25933333333333336,carrefour,mascotas
comida humeda de pollo y buey en salsa microbioma intestinal equilibrado para perro mini purina one mini microbiome 4x85 g,4x85,3.19,0.03752941176470588,purina one,mascotas
pienso de pavo para gatos delicate one delicate purina one  800 g,800 g,5.69,7.1125,purina one,mascotas
comida para conejos carrefour 3kg,3kg,5.95,1.9833333333333334,carrefour,mascotas
pienso de queso para gato catisfaction 180 g,180 g,4.49,24.944444444444446,catisfactions,mascotas
comida humeda de pescado y carne para gato adulto gourmet 12x85 g,12x85,8.59,0.10105882352941176,gourmet,mascotas
comida humeda sabor carne para gato adulto purina gourmet 4x57 g,4x57,3.49,0.061228070175438604,gourmet revelations,mascotas
comida humeda en gelatina festin de sabores para gatos purina felix duo 4x85 g,4x85,2.65,0.03117647058823529,felix,mascotas
comida humeda seleccion recetas campesinas para perro cesar pack de 8 unidades de 150 g,pack de 8 unidades de 150 g,11.39,9.491666666666667,cesar,mascotas
pienso esterilizado de pollo para gato adulto ultima cat 25 kg,25 kg,17.99,0.7195999999999999,ultima,mascotas
comida humeda de ave para gato whiskas 12x85 g,12x85,6.45,0.07588235294117647,whiskas,mascotas
pienso de pollo para perros cachorro mini ultima 15 kg,15 kg,8.95,0.5966666666666666,ultima,mascotas
comida humeda buey y atun para gato adulto esterilizado ultima cat wet  delicious 4x85 g,4x85,2.99,0.035176470588235295,ultima,mascotas
pienso de buey y arroz para perro adulto mini purina one 15 kg,15 kg,7.19,0.47933333333333333,purina one,mascotas
carrefour comida para conejos 800g,800g,1.67,2.0875,carrefour,mascotas
caldo para gatos sabor pollo churu broth 40 g,40 g,1.3,32.5,ciao broth,mascotas
comida humeda de bacalao para gato vitalive carrefour 100 g,100 g,0.6,5.999999999999999,carrefour,mascotas
pienso esterilizado de salmon para gato adulto ultima 15 kg,15 kg,10.49,0.6993333333333334,ultima,mascotas
comida humeda de atun para gato adulto purina gourmet gold fondant 85 g,85 g,0.89,10.470588235294118,gourmet,mascotas
comida humeda de ave para gato whiskas 4x85 g,4x85,2.55,0.03,whiskas,mascotas
comida humeda de atun y gambas en gelatina para gatos purina gourmet natures creations 70 g,70 g,1.39,19.857142857142854,gourmet nature,mascotas
snack liquido con salmon y omega 3 para gato vitakraft  6x15 g,6x15,2.49,0.166,vitakraft,mascotas
galletas para perro pedigree biscrock 500 g,500 g,2.99,5.98,pedigree,mascotas
comida humeda en salsa de pollo y buey para perro adulto mini ultima 4x100 g,4x100,2.99,0.029900000000000003,ultima,mascotas
pienso esterilizado de pollo para gato adulto ultima 15 kg,15 kg,10.49,0.6993333333333334,ultima,mascotas
comida humeda de conejo para gato adulto purina gourmet gold 85 g,85 g,0.89,10.470588235294118,gourmet,mascotas
snacks dental para perros pequenos pedigree dentastix pack de 7 unidades,pack de 7 unidades,1.99,0.2842857142857143,pedigree,mascotas
comida humeda seleccion de aves en gelatina para gatos sheba delicatezze pack de 4 unidades de 85 g,pack de 4 unidades de 85 g,3.35,9.852941176470587,sheba,mascotas
comida humeda de salmon para perro mini 150 g,150 g,1.35,9.000000000000002,ultima,mascotas
comida humeda de salmon y pavo para gatos purina one esterilizados 4x85 g,4x85,3.29,0.03870588235294118,purina one,mascotas
snacks de pollo para gatos catisfactions 60 g,60 g,1.99,33.166666666666664,catisfactions,mascotas
snack dental para perro frolic smiley sticks 175 g,175 g,1.99,11.371428571428572,frolic,mascotas
comida humeda de buey para perros simply 12 kg,12 kg,1.99,0.16583333333333333,simpl,mascotas
pienso esterilizado tracto urinario de pollo para gato ultima 15 kg,15 kg,10.49,0.6993333333333334,ultima,mascotas
salchicha de higado y buey para perro canibaq 1 kg,1 kg,1.85,1.85,canibaq,mascotas
pienso de pollo para perros adultos pequenos ultima 15 kg,15 kg,7.99,0.5326666666666667,ultima,mascotas
pure para gatos sabor atun con salmon churu bisque 40 g,40 g,1.3,32.5,ciao bisque,mascotas
comida humeda de salmon y pollo en salsa para gato adulto purina gourmet gold 85 g,85 g,0.89,10.470588235294118,gourmet,mascotas
comida humeda de salmon para gato adulto purina gourmet gold 85 g,85 g,0.89,10.470588235294118,gourmet,mascotas
heno manzanilladientleon cocini 500 g,500 g,3.95,7.9,sandimas,mascotas
barritas con frutas para conejos carrefour 2 ud,2 ud,1.57,0.785,carrefour,mascotas
pienso de pollo para perro mediano grande adulto ultima 75 kg,75 kg,29.1,0.388,ultima,mascotas
comida humeda bocaditos en salsa chef para gatos suprem carrefour 12 sobres de 85 g,85 g,1.75,20.588235294117645,carrefour,mascotas
pienso de buey para gatos esterilizados adultos ultima 110 kg,110 kg,10.85,0.09863636363636363,ultima,mascotas
espigas de mijo para pajaros vita nature vitakraft 100 g,100 g,2.65,26.499999999999996,vitakraft,mascotas
comida humeda surtido de pescadodel oceano para gato purina gourmet gold 12x85 g,12x85,8.59,0.10105882352941176,gourmet,mascotas
comida humeda seleccion carnes mixtas en gelatina para perro senior cesar pack de 4 unidades de 100 g,pack de 4 unidades de 100 g,3.59,8.975,cesar,mascotas
pienso esterilizado de buey para gato adulto ultima 25 kg,25 kg,17.99,0.7195999999999999,ultima,mascotas
comida humeda en salsa con buey pollo conejo y salmon para gato adulto gourmet 4x85 g,4x85,3.29,0.03870588235294118,gourmet perle,mascotas
pasta de malta 100 g,100 g,3.89,38.9,sandimas,mascotas
comida humeda de pavo en salsa de queso para gato adulto vitakraft poesie 85 g,85 g,0.78,9.176470588235293,vitakraft,mascotas
comida humeda de pollo y verduras para perro cesar recetas de la huerta 150 g,150 g,1.69,11.266666666666667,cesar,mascotas
comida humeda surtido delicias en salsa para gato adulto purina gourmet perle 8x85 g,8x85,6.25,0.07352941176470588,gourmet perle,mascotas
pienso de pollo para perro adulto mini ultima 3 kg,3 kg,15.79,5.263333333333333,ultima,mascotas
pienso de pollo para gato dream excellence 15 kg,15 kg,5.29,0.3526666666666667,dream excellent,mascotas
comida humeda bocaditos en salsa de salmon para gato junior expert carrefour pack de 4 sobres de 85 g,pack de 4 sobres de 85 g,2.3,0.575,carrefour,mascotas
comida humeda seleccion clasicos para perro cesar pack de 8 unidades de 150 g,pack de 8 unidades de 150 g,11.39,9.491666666666667,cesar,mascotas
comida para conejo enano vitakraft 1kg,1kg,3.49,3.49,vitakraft,mascotas
comida para tortolas carrefour 1kg,1kg,2.59,2.59,carrefour,mascotas
comida humeda surtido de carne en salsa para gato adulto purina gourmet gold 12x85 g,12x85,8.59,0.10105882352941176,gourmet,mascotas
pienso de buey para perros adultos medianos y grandes brekkies tenderissimo 25 kg,25 kg,9.45,0.37799999999999995,brekkies excel,mascotas
pienso de pollo para perro pequeno adulto ultima dog 15 kg,15 kg,8.95,0.5966666666666666,ultima,mascotas
mutlicroquetas para perro con pollo y cereales medianos carrefour 10 kg,10 kg,14.49,1.449,carrefour,mascotas
pienso de buey para perro adulto medium maxi ultima dog 3 kg,3 kg,11.89,3.9633333333333334,ultima,mascotas
pienso de buey y trigo para gatos esterilizados purina one 28 kg,28 kg,18.45,0.6589285714285714,purina one,mascotas
pienso de buey para perro medium maxi adulto  ultima dog 75 kg,75 kg,29.1,0.388,ultima,mascotas
comida humeda salmon y atun para gato adulto gourmet perle delight delicias 4x85 g,4x85,3.29,0.03870588235294118,gourmet perle,mascotas
pienso de salmon y arroz para gato adulto ultima 15 kg,15 kg,9.99,0.666,ultima,mascotas
snack dental para perro adulto toy ultima 70 g,70 g,1.95,27.857142857142854,ultima,mascotas
pienso esterilizado bolas de pelo con pavo para gato adulto ultima cat 25 kg,25 kg,17.99,0.7195999999999999,ultima,mascotas
pienso de pollo para perros senior medianos y grandes ultima 3 kg,3 kg,15.09,5.03,ultima,mascotas
comida humeda en delicada gelatina para perro senior cesar pack de 4 unidades de 150 g,pack de 4 unidades de 150 g,6.09,10.15,cesar,mascotas
pienso de pollo para gato adulto ultima 25 kg,25 kg,16.99,0.6796,ultima,mascotas
perlas absorbentes higienicas para gato magic clean vitakraft 84l  37 kg,84l,10.49,0.12488095238095238,vitakraft,mascotas
comida humeda finas laminas duo carnes para gato adulto  gourmet perle  4x85 g,4x85,3.29,0.03870588235294118,gourmet perle,mascotas
rodillo quitapelusas cocosi pack 9m x 60 laminas,x 60,1.99,0.033166666666666664,cocosi,mascotas
vitakraft vegetal clean corn lecho higienico 8l,8l,6.95,0.86875,vitakraft,mascotas
vitakraft rings alfafa para roedores 300g,300g,1.99,6.633333333333334,vitakraft,mascotas
dentastix de uso diario para la limpieza dental de perros pequenos pedigree pack de 28 unidades,pack de 28 unidades,7.49,0.2675,pedigree,mascotas
pienso de salmon para perro mini dream excellence 15 kg,15 kg,5.19,0.34600000000000003,dream excellent,mascotas
comida humeda finas laminas en salsa duo del mar para gatos purina gourmet perle 8x85 g,8x85,6.25,0.07352941176470588,gourmet perle,mascotas
snack nuggets de jabali para perros purina adventuros 300 g,300 g,4.79,15.966666666666667,adventuros,mascotas
pienso de pavo y arroz para perro mini purina one weigth 15 kg,15 kg,7.19,0.47933333333333333,purina one,mascotas
pienso de salmon para gato adulto ultima cat 25 kg,25 kg,16.99,0.6796,ultima,mascotas
pienso  tracto urinario de pollo y verduras para gato adulto ultima cat 750 g,750 g,5.49,7.32,ultima,mascotas
pienso de pollo para gato esterilizado brekkies excel 15 kg,15 kg,5.95,0.39666666666666667,brekkies excel,mascotas
comida humeda mousse pescado para gato adulto purina gourmet gold 8x85 g,8x85,6.15,0.07235294117647059,gourmet,mascotas
hierba para gato vitakraft,1 paquete,2.99,2.99,vitakraft,mascotas
pienso de pavo y verduras para gato adulto esterilizado pavo y verduras purina friskies 3kg,3kg,9.65,3.216666666666667,friskies,mascotas
comida humeda seleccion clasicos para perro cesar pack de 4 unidades de 150 g,pack de 4 unidades de 150 g,6.09,10.15,cesar,mascotas
comida humeda seleccion recetas de la huerta para perro cesar pack de 4 unidades de 150 g,pack de 4 unidades de 150 g,6.09,10.15,cesar,mascotas
pienso esterilizado de pollo para gato senior ultima cat 25 kg,25 kg,17.99,0.7195999999999999,ultima,mascotas
snacks dental para perros medianos pedigree dentastix pack de 28 unidades,pack de 28 unidades,10.89,0.38892857142857146,pedigree,mascotas
pienso de salmon para perro mediano grande dream excellence 3 kg,3 kg,9.85,3.283333333333333,dream excellent,mascotas
snack minis para gatos vitalife carrefour 200 g,200 g,2.49,12.450000000000001,carrefour,mascotas
pienso de pollo para perro mini dream excellence 15 kg,15 kg,5.19,0.34600000000000003,dream excellent,mascotas
pienso de salmon para gato dream excellence 15 kg,15 kg,5.29,0.3526666666666667,dream excellent,mascotas
pienso de salmon para gato adulto esterilizado ultima nature cat 125 kg,125 kg,11.09,0.08872,ultima,mascotas
pala para arenero higienica,1 paquete,1.49,1.49,carrefour,mascotas
comida para hamster carrefour 800g,800g,1.92,2.4,carrefour,mascotas
penso esterilizado de pollo para gato adulto ultima cat 800 g,800 g,5.65,7.0625,ultima,mascotas
snack hueso anudado de buey para perro carrefour 20 cm,1 paquete,2.05,2.05,carrefour,mascotas
snacks dental para perros grandes pedigree daily oral care dentastix pack de 28 unidades,pack de 28 unidades,13.09,0.46749999999999997,pedigree,mascotas
comida humeda de salmon y trucha para gato adulto ultima 4x85 gr,4x85,3.99,0.046941176470588236,ultima,mascotas
pienso de buey para perros brekkies mix excel 15 kg,15 kg,37.0,2.466666666666667,brekkies excel,mascotas
vitakraft barritas para periquitos de albaricoque  higo,1 paquete,1.57,1.57,vitakraft,mascotas
comida humeda de pescado para gato whiskas 24x85 g,24x85,12.35,0.14529411764705882,whiskas,mascotas
snack para perro purina friskies b steaks 150 g,150 g,2.35,15.666666666666668,friskies,mascotas
snack bacon y queso para perro purina friskies funtastix 500 g,x 500,5.95,0.0119,friskies,mascotas
comida humeda buey y pavo para gato adulto ultima 4 x 85 g,4 x 85,3.99,0.046941176470588236,ultima,mascotas
snack hueso prensado de buey para perro carrefour 21 cm,1 paquete,3.05,3.05,carrefour,mascotas
cana de pescar para gato vitakraft con raton,1 paquete,1.89,1.89,vitakraft,mascotas
pienso de pavo para gato interior bifensis purina one 15 kg,15 kg,10.05,0.67,purina one,mascotas
comida humeda de buey y verduras para perro cesar recetas de la huerta 300 g,300 g,2.89,9.633333333333335,cesar,mascotas
comida humeda bocaditos en salsa para gatos festin del mar purina felix tasty shreds 12x80 g,12x80,7.35,0.091875,felix,mascotas
comida humeda esterilizada de pollo y salmon para gatos perfect fit sensitive pack de 4 unidades de 85 g,pack de 4 unidades de 85 g,3.95,11.617647058823529,perfect fit,mascotas
vitakraft barritas para periquitos energia  2 uds,2 uds,1.57,0.785,vitakraft,mascotas
pienso bolas de pelo con pavo para gato adulto ultima cat 25 kg,25 kg,16.99,0.6796,ultima,mascotas
pienso de buey para perro adulto mini purina friskies menu 3 kg,3 kg,8.85,2.9499999999999997,friskies,mascotas
pienso de buey para perro adulto mini ultima 125 kg,125 kg,7.69,0.061520000000000005,ultima,mascotas
barritas fortalecedor para canarios vitakraft 2 uds,2 uds,1.57,0.785,vitakraft,mascotas
pienso de aves para gato brekkies cat delicious aves 3 kg,3 kg,13.45,4.483333333333333,brekkies excel,mascotas
pienso de buey cereales y verduras para perro adulto  purina friskies 15 kg,15 kg,36.9,2.46,friskies,mascotas
pienso light pollo y arroz para perros adultos medium maxi ultima 3 kg,3 kg,15.09,5.03,ultima,mascotas
comida humeda en salsa de aves para gatos delices du jour sheba 6 sobres de 50 g,50 g,3.29,65.8,sheba,mascotas
comida humeda en gelatina con pollo para gatos adulto purina gourmet revelations 4x57 g,4x57,3.49,0.061228070175438604,gourmet revelations,mascotas
pienso de pollo para perro medianogrande dream excellence 3 kg,3 kg,9.39,3.1300000000000003,dream excellent,mascotas
comida para pajaros exoticos carrefour 1 kg,1 kg,2.99,2.99,carrefour,mascotas
pienso de buey y pescado para perro adulto purina friskies vitafit omega 3 kg,3 kg,8.45,2.8166666666666664,friskies,mascotas
barritas de huevo y semilla para canarios 2 unidades 54 g,54 g,1.57,29.074074074074076,vitakraft,mascotas
pienso bolas de pelo de pavo para gato ultima 15 kg,15 kg,9.99,0.666,ultima,mascotas
comida humeda en salsa de pescados para gatos delices du jour sheba 6 sobres de 50 g,50 g,3.29,65.8,sheba,mascotas
snack bacon para perro purina friskies bon bacon 345 g,345 g,5.95,17.246376811594203,friskies,mascotas
menu premium para canarios vitakraft 1kg,1kg,3.09,3.09,marca nacional sin marca,mascotas
pienso de buey y arroz para perro adulto mini purina one 800 g,800 g,4.85,6.062499999999999,purina one,mascotas
pienso de pollo para perro mini senior ultima dog 25 kg,25 kg,14.99,0.5996,ultima,mascotas
snack de zanahorias para roedores carrefour 50 g,50 g,1.5,30.0,marca nacional sin marca,mascotas
pouch yogurt sabor natural para perro yow up 115 g,115 g,1.99,17.304347826086957,yowup,mascotas
barritas de miel para conejos enanos vitakraft 2 ud,2 ud,2.15,1.075,vitakraft,mascotas
tetra reptomin energy comida para totugas acuaticas 250 ml,250 ml,7.59,30.36,tetra,mascotas
comida humeda sabores mixtos en salsa para perro pedigree pack de 12 unidades de 100 g,pack de 12 unidades de 100 g,9.19,7.658333333333333,pedigree,mascotas
lecho higienico papel  vegetal vitalkraft 10 l,10 l,9.85,0.985,vitakraft,mascotas
snack crema de leche para gatos pequenos vitakraft 70 g,70 g,1.95,27.857142857142854,vitakraft,mascotas
menu premium para periquitos vitakraft 1 kg,1 kg,3.09,3.09,vitakraft,mascotas
barritas de fruta para canarios vitakraft 2 ud,2 ud,1.57,0.785,vitakraft,mascotas
vitakraft virutas de roedores 60l,60l,5.49,0.0915,vitakraft,mascotas
comida humeda en gelatina con salmon para gatos purina gourmet revelations 4x57 g,4x57,3.49,0.061228070175438604,gourmet revelations,mascotas
snacks de buey para perros carrefour 100 unidades,100 unidades,10.25,0.1025,carrefour,mascotas
pienso de pollo y arroz para perro medium maxi adulto  ultima dog 75 kg,75 kg,36.3,0.484,ultima,mascotas
pienso de aves y verduras para perro adulto purina friskies 15 kg,15 kg,36.9,2.46,friskies,mascotas
comida para conejos enanos menu vital vitakraft  3kg,3kg,8.89,2.9633333333333334,vitakraft,mascotas
purina one pienso para gato senior 11anos 15kg,15kg,10.05,0.67,purina one,mascotas
pienso de salmon y trigo para gatos esterilizados purina one 28 g,28 g,18.45,658.9285714285714,purina one,mascotas
pienso de pollo y arroz para perro adulto mini purina one active 15 kg,15 kg,7.19,0.47933333333333333,purina one,mascotas
comida para hamster vitakraft 400 g,400 g,1.89,4.725,vitakraft,mascotas
pienso de buey para perro mini adulto ultima dog 25 kg,25 kg,14.89,0.5956,ultima,mascotas
barritas para canarios vitakraft multivitaminas,1 paquete,1.57,1.57,vitakraft,mascotas
pienso de buey para perro medium maxi ultima dog 12 kg,12 kg,45.7,3.8083333333333336,ultima,mascotas
pienso de pollo para perro junior purina friskies 3 kg,3 kg,9.85,3.283333333333333,friskies,mascotas
comida semihumeda de pollo para perro cocosi 3 kg,3 kg,16.45,5.483333333333333,cocosi,mascotas
snack crema de leche con queso para gatos pequenos vitakraft 70 g,70 g,1.95,27.857142857142854,vitakraft,mascotas
barritas de miel para agapornis vitakraft ,1 paquete,3.55,3.55,vitakraft,mascotas
pienso de pavo y arroz para gatos sensitive purina one 28 kg,28 kg,18.45,0.6589285714285714,purina one,mascotas
brekkies piensode pescado para gato brekkies cat delicious 3 kg,3 kg,13.45,4.483333333333333,brekkies excel,mascotas
pienso de pollo para perro yorkshire mini ultima dog 25 kg,25 kg,14.99,0.5996,ultima,mascotas
gelatina seleccion de pescados para gato adulto felix duo purina 4x85 g,4x85,2.65,0.03117647058823529,felix,mascotas
comida para agaponis vitakraft 750 g,750 g,5.49,7.32,vitakraft,mascotas
pienso para perro adulto receta tradicional bon menu 15 kg,15 kg,31.4,2.0933333333333333,bon menu,mascotas
pienso de pollo para gatos esterilizado bolas de pelo purina one  28 kg,28 kg,18.45,0.6589285714285714,purina one,mascotas
comida humeda en gelatina buey pollo y cordero para perro adulto purina friskies pack 12x85 g,12x85,7.09,0.08341176470588235,friskies,mascotas
vitakraft menu para cotorras 1kg,1kg,3.69,3.69,vitakraft,mascotas
pienso de pollo para perro mini junior ultima 800 g,800 g,4.99,6.2375,ultima,mascotas
snack natural de panza seca para perro adulto vitakraft natural chews 100 g,100 g,3.05,30.499999999999996,vitakraft,mascotas
vegetal clean papel vitakraft  25 litros,1 paquete,20.4,20.4,vitakraft,mascotas
pienso de salmon para perro mediano adulto brekkies delicious 27 kg,27 kg,9.45,0.35,brekkies excel,mascotas
pienso digestivo de salmon para perro medium maxi adulto ultima 7 kg,7 kg,37.5,5.357142857142857,ultima,mascotas
pienso de pollo para perro mini dream excellence 15 kg,15 kg,4.99,0.33266666666666667,dream excellent,mascotas
pienso de salmon para perro medium ultima 3 kg,3 kg,16.45,5.483333333333333,ultima,mascotas
bastones de zanahoria para conejos enanos carotties vitakraft 50 grs,1 paquete,1.65,1.65,vitakraft,mascotas
pienso de pollo para perro medium maxi ultima dog 12 kg,12 kg,45.7,3.8083333333333336,ultima,mascotas
pipeta contra insectos para gatos carrefour 3x06 ml,3x06,4.89,0.815,carrefour,mascotas
collar insectifugo para perro marron dixie,1 paquete,4.19,4.19,dixie,mascotas
pienso de pavo y verduras para gato adulto esterilizado purina friskies 15 kg,15 kg,5.69,0.37933333333333336,friskies,mascotas
collar repelente de perro carrefour ,1 paquete,2.59,2.59,carrefour,mascotas
pouch yogurt sabor natural para gato adulto yow up 85 g,85 g,1.63,19.17647058823529,yowup,mascotas
comida humeda esterilizada de pescado y verduras para gatos perfect fit pack de 4 unidades de 85 g,pack de 4 unidades de 85 g,3.95,11.617647058823529,perfect fit,mascotas
comida humeda en salsa buey pollo y cordero para perro adulto purina friskies pack 12x85 g,12x85,7.09,0.08341176470588235,friskies,mascotas
pienso de pollo y cereales para perros adultos brekkies excel 15 kg,15 kg,37.0,2.466666666666667,brekkies excel,mascotas
snacks de pollo para perro querico 5 unidades,5 unidades,2.95,0.5900000000000001,sandimas,mascotas
pienso de buey para perro maxi purina friskies vitafit active 15 kg,15 kg,35.0,2.3333333333333335,friskies,mascotas
lecho vegetal clean higienico de maiz vitakraft 8 l,8 l,6.95,0.86875,vitakraft,mascotas
comida de pollo y cereales para perros adultos dream essential 4 kg,4 kg,6.5,1.625,dream essential,mascotas
comida para conejillos de indias 800 gr,800 gr,2.49,3.1125000000000003,carrefour,mascotas
pienso de pollo y arroz para perro mediano grande adulto ultima 7 kg,7 kg,36.3,5.185714285714285,ultima,mascotas
pienso de buey para perro adulto brekkies excel 725 kg,725 kg,21.0,0.028965517241379312,brekkies excel,mascotas
pienso esterilizado de salmon para gatos adultos ultima pro  11 kg,11 kg,9.85,0.8954545454545454,ultima pro,mascotas
pienso de pollo y arroz para perro medium maxi junior ultima 3 kg ,3 kg,15.09,5.03,ultima,mascotas
comedero antideslizante para perro carrefour 500 ml,500 ml,2.49,4.98,carrefour,mascotas
pienso de buey y arroz para perro adulto mini purina one piel y pelaje 15 kg,15 kg,7.19,0.47933333333333333,purina one,mascotas
comida humeda recetas de la huerta para perro cesar 8x150 g,8x150,11.89,0.07926666666666667,cesar,mascotas
lecho higienico de papel natural para gatos cocosi 10l,10l,9.95,0.9949999999999999,cocosi,mascotas
pienso de pollo y trigo para gatos esterilizados purina one 28  kg,28  kg,18.45,0.6589285714285714,purina one,mascotas
comida de pollo y arroz para perros junior dream essential 4 kg,4 kg,6.5,1.625,dream essential,mascotas
pienso de salmon para perro brekkies 14 kg,14 kg,37.0,2.642857142857143,brekkies excel,mascotas
snacks dental para perros medianos pedigree daily oral care dentastix pack de 56 unidades,pack de 56 unidades,19.09,0.34089285714285716,pedigree,mascotas
comida para roedores herbivoros carrefour 3kg,3kg,7.15,2.3833333333333333,carrefour,mascotas
comida humeda de carne para gato adulto perfect fit 4x85 g,4x85,3.95,0.04647058823529412,perfect fit,mascotas
2 bolas de plastico y 2 bolas de goma para gato vitalkraft,1 paquete,1.84,1.84,vitakraft,mascotas
collar insectifugo para perro negro dixie,1 paquete,4.19,4.19,dixie,mascotas
pienso para perro adulto bon menu receta mediterranea 10 kg,10 kg,21.7,2.17,bon menu,mascotas
pienso esterilizado de pollo para gatos adultos ultima pro  11 kg,11 kg,9.85,0.8954545454545454,ultima pro,mascotas
pienso de pollo para perro adulto mini ultima pro  11 kg,11 kg,7.79,0.7081818181818181,ultima pro,mascotas
collar repelente de parasitos para gato y cachorro dixie,1 paquete,4.49,4.49,dixie,mascotas
vitakraft menu aroma para cobayas 3kg,3kg,8.09,2.6966666666666668,vitakraft,mascotas
barritas de miel para periquitos vitakraft  2 uds,2 uds,1.57,0.785,vitakraft,mascotas
pienso de pollo para perro mediano grande dream excellence 3 kg,3 kg,9.39,3.1300000000000003,dream excellent,mascotas
pienso para perro adulto receta mediterranea bon menu 15 kg,15 kg,31.4,2.0933333333333333,bon menu,mascotas
comida de pollo y cereales para perros adultos dream essential 18 kg,18 kg,18.0,1.0,dream essential,mascotas
pienso de salmon para perro adulto mini ultima pro  11 kg,11 kg,7.79,0.7081818181818181,ultima pro,mascotas
tetra reptomin comida para tortugas acuaticas 1l220g,220g,20.4,92.72727272727272,tetra,mascotas
arenero con borde protector para gatos,1 paquete,10.25,10.25,carrefour,mascotas
bolsa con cierre para arenero de gatos,1 paquete,7.95,7.95,carrefour,mascotas
pienso para perro adulto bon menu receta tradicional 10 kg,10 kg,21.9,2.19,bon menu,mascotas
pienso de pavo fresco verduras y frutas para perro adulto mini ultima  11 kg,11 kg,9.95,0.9045454545454544,ultima,mascotas
pack bolsas higienicas pack 24x20  hueso dispensador,24x20,11.89,0.5945,vitakraft,mascotas
pipetas antiparasitarias gato fipronil dixie 3x050 ml,3x050,9.95,0.19899999999999998,dixie,mascotas
galletas para roedores carrefour 6 ud,6 ud,1.99,0.33166666666666667,carrefour,mascotas
pipeta repelente parasito para gato dixie,1 paquete,8.95,8.95,dixie,mascotas
pienso de salmon para perro med max ultima 3 kg,3 kg,17.75,5.916666666666667,ultima,mascotas
snack de bacon para perros brekkies excel 300 g,300 g,4.95,16.5,brekkies excel,mascotas
pienso de buey para perro frolic 15 kg,15 kg,12.39,0.8260000000000001,frolic,mascotas
comedor para perro y gato carrefour 250 ml,250 ml,1.29,5.16,carrefour,mascotas
pienso de cordero para perro adulto mini ultima nature dog 125 kg,125 kg,9.95,0.07959999999999999,ultima,mascotas
snacks dental para perros pequenos pedigree dentastix fresh pack de 28 unidades,pack de 28 unidades,8.49,0.3032142857142857,pedigree,mascotas
pienso de pollo y arroz para perro medium maxi junior ultima 75 kg,75 kg,36.3,0.484,ultima,mascotas
barritas de miel para hamster vitakraft 2 ud,2 ud,2.15,1.075,vitakraft,mascotas
pienso de salmon para perro mini ultima 125 kg,125 kg,9.95,0.07959999999999999,ultima,mascotas
carrefour comida para granivoros 1kg,1kg,2.75,2.75,carrefour,mascotas
collar gato vitakraft con cascabel decorado,1 paquete,2.59,2.59,vitakraft,mascotas
pienso de salmon para perro adulto mediano brekkies delicious 725 kg,725 kg,22.0,0.030344827586206897,brekkies excel,mascotas
snacks dental para perros medianos pedigree dentastix fresh pack de 28 unidades,pack de 28 unidades,11.49,0.41035714285714286,pedigree,mascotas
pipeta contra insectos para perros pequenos carrefour 3x1 ml,3x1,4.89,4.89,carrefour,mascotas
pipeta contra insectos para perro mediano grande carrefour 3x15 ml,3x15,4.89,0.32599999999999996,carrefour,mascotas
pienso esterilizado de pollo para perro mini adulto ultima 135 kg,135 kg,7.99,0.05918518518518519,ultima,mascotas
champu de uso frecuente para perro carrefour 1l,1l,5.29,5.29,carrefour,mascotas
collar repelente de gato carrefour 1 ud,1 ud,2.49,2.49,carrefour,mascotas
pienso esterilizado de salmon para gato adulto 75 kg,75 kg,45.2,0.6026666666666667,ultima,mascotas
menu provita agapornis 750 gr vitakraft,750 gr,5.49,7.32,vitakraft,mascotas
pienso de cordero para perro adulto medium maxi ultima nature 3 kg,3 kg,17.75,5.916666666666667,ultima,mascotas
pienso de buey y verduras para perro adulto purina dog menu 15 kg,15 kg,33.6,2.24,dog menu,mascotas
comedero antiderrapante para perro de polipropileno 1 l,1 l,3.49,3.49,carrefour,mascotas
pienso esterilizado de salmon para gatos perfect fit 14 kg,14 kg,10.89,0.7778571428571429,perfect fit,mascotas
champu espuma seca para gatos sandimas 200 ml,200 ml,4.75,23.75,Desconocida,mascotas
comedero plegable silicona para mascotas sandimas 15 cm,1 paquete,2.95,2.95,sandimas,mascotas
pipetas permetrina para perro grande 15 60kg dixie 3x2 ml,3x2,13.75,6.875,dixie,mascotas
menu aroma para conejos enanos 5 kg,5 kg,12.89,2.5780000000000003,vitakraft,mascotas
reptosafe 100 ml,100 ml,4.55,45.49999999999999,tetra,mascotas
pienso de pollo para perro golden  labrador ultima retriever 14 kg,14 kg,58.1,4.15,ultima,mascotas
champu espuma de lavado en seco para gatos carrefour 150 ml,150 ml,4.25,28.333333333333336,carrefour,mascotas
pienso de pollo arroz y cereales para perro mediano grande adulto ultima dog 18 kg,18 kg,63.5,3.5277777777777777,ultima,mascotas
snack huesitos de jamon iberico para perro gentle chef 5 uds,5 uds,2.99,0.5980000000000001,gentle chef,mascotas
juguete robot vaca para perro kimbo,1 paquete,6.15,6.15,kimbo,mascotas
pienso de pollo para gato adulto ultima cat 75 kg,75 kg,43.6,0.5813333333333334,ultima,mascotas
pienso esterilizado bolas de pelo de pavo para gato adulto ultima 75 kg,75 kg,48.8,0.6506666666666666,ultima,mascotas
arena sanitaria para gato scoop health katkin 164 kg,164 kg,11.99,0.07310975609756097,katkin,mascotas
pienso de aves y verduras para perro adulto purina dog menu 15 kg,15 kg,33.6,2.24,dog menu,mascotas
hueso tru turquesa limpieza dental talla s,1 paquete,8.99,8.99,kimbo,mascotas
suplemento articular para perro senior yumove 80 ud,80 ud,27.99,0.349875,yumove,mascotas
juguete de algodon para moder para perros talla s kimbo,1 paquete,2.99,2.99,kimbo,mascotas
disco volador turquesa lanzar y recuperar para perro kimbo talla m,1 paquete,12.99,12.99,kimbo,mascotas
comida humeda de cordero para perro adulto carrefour 300 g,300 g,0.93,3.1,carrefour,mascotas
comida humeda gelatina de carne carrefour companino pack 12 unidades de 100 g,pack 12 unidades de 100 g,4.45,0.37083333333333335,carrefour,mascotas
comida semihumeda de pescado para perro cocosi 3 kg,3 kg,16.45,5.483333333333333,cocosi,mascotas
snack dental para perro grande purina dentalife multipack 36 ud,pack 36 ud,15.89,0.4413888888888889,dentalife,mascotas
comida humeda de pollo para perros simply 1200 g,1200 g,1.99,1.6583333333333334,simpl,mascotas
pienso esterilizado bolas de pelo de pavo para gato ultima 15 kg,15 kg,10.49,0.6993333333333334,ultima,mascotas
empapadores para perros carrefour 60x60 cm ,60x60,3.05,0.05083333333333333,carrefour,mascotas
comida humeda de pollo para perro mini ultima 150 g,150 g,1.35,9.000000000000002,ultima,mascotas
snack huesos de pollo para perro carrefour 6 unidades 80 g,80 g,2.05,25.624999999999996,carrefour,mascotas
snacks dental para perros medianos pedigree dentastix pack de 7 unidades,pack de 7 unidades,2.99,0.42714285714285716,pedigree,mascotas
comida humeda sabor pollo para gato adulto purina gourmet 4x57 g,4x57,3.49,0.061228070175438604,gourmet revelations,mascotas
snack dental para perro mini carrefour 7 unidades 110 g,110 g,0.94,8.545454545454545,carrefour,mascotas
comida humeda bocaditos de carne en salsa para gatos vitalive carrefour 4 sobres de 100 g,100 g,1.25,12.5,carrefour,mascotas
comida humeda en gelatina seleccion aves de corral para gato junior whiskas 4x85 g,4x85,2.75,0.03235294117647059,whiskas,mascotas
comida humeda seleccion pescados en salsa para gatos sheba selezione pack de 4 unidades de 85 g,pack de 4 unidades de 85 g,3.35,9.852941176470587,sheba,mascotas
empapador para cachorros 60x90 cm cocosi pack de 10 uds,pack de 10 uds,3.99,0.399,cocosi,mascotas
comida humeda de buey para perro mini ultima 150 g,150 g,1.35,9.000000000000002,ultima,mascotas
snack para gato purina felixparty mix oceano 60 g,60 g,1.95,32.5,felix,mascotas
pienso para perro adulto bon menu 4 kg,4 kg,8.95,2.2375,bon menu,mascotas
comida humeda de mousse buey para gato adulto purina gourmet gold 85 g,85 g,0.89,10.470588235294118,gourmet,mascotas
gelatina seleccion de carnes para gatos felix original purina 12x85 g,12x85,5.79,0.06811764705882353,felix,mascotas
comida humeda de cordero y pollo para perro pedigree 300 g,300 g,2.89,9.633333333333335,pedigree,mascotas
pienso de ave pollo verduras y cereales para gato adulto  brekkies 900 g,900 g,4.25,4.722222222222222,brekkies excel,mascotas
perlas silice lavanda para gato carrefour 5l,5l,4.49,0.898,carrefour,mascotas
snacks de pollo para perro carrefour 80 g,80 g,1.99,24.875,carrefour,mascotas
comida humeda de pollobuey atun y salmon para gato adulto purina gourmet gold fondant 12x85 g,12x85,8.59,0.10105882352941176,gourmet,mascotas
snack para perros purina friskies funtastix 175 g,x 175,2.35,0.013428571428571429,friskies,mascotas
comida humeda de pollo para gatos simply 400 g,400 g,1.19,2.9749999999999996,simpl,mascotas
pienso de pollo para gato junior ultima 15 kg,15 kg,9.99,0.666,ultima,mascotas
pienso de pollo y arroz para gatos junior purina one 450 g,450 g,3.05,6.777777777777777,purina one,mascotas
comida humeda mousse surtido para gato adulto purina gourmet gold  8x85 g,8x85,5.79,0.06811764705882353,gourmet,mascotas
comida humeda de pollo para perros cesar 150 g,150 g,1.69,11.266666666666667,cesar,mascotas
comida humeda de pollo y leche para perro junior carrefour vitalive 150 g,150 g,0.85,5.666666666666667,carrefour,mascotas
comida humeda bocaditos en salsa de carne para gatos carrefour vitalive 12x100 g,12x100,3.39,0.0339,carrefour,mascotas
arena aglomerante de tofu para gatos cocosi 6l,6l,9.89,1.6483333333333334,cocosi,mascotas
snack crispies buey y pollo para gato 45 g,45 g,1.95,43.333333333333336,felix,mascotas
snack dental para perro mediano grande carrefour 28 unidades 720 g,720 g,3.79,5.263888888888889,carrefour,mascotas
pienso esterilizado digestivo de trucha para gato ultima 15 kg,15 kg,10.49,0.6993333333333334,ultima,mascotas
snacks de buey para perro pedigree rodeo duos 122 g,122 g,2.19,17.950819672131146,pedigree,mascotas
pienso de pollo para gatos junior purina one 15 kg,15 kg,10.05,0.67,purina one,mascotas
comida humeda de salmon para gatos simply 400 g,400 g,1.19,2.9749999999999996,simpl,mascotas
alimento seco gatos esterilizados carrefour 2 kg,2 kg,4.85,2.425,carrefour,mascotas
comida humeda salmon y pavo para perros adultos mini ultima 4x100 g,4x100,2.99,0.029900000000000003,ultima,mascotas
comida humeda seleccion de carnes para gatos esterilizados adultos ultima 85x4 g,85x4,2.99,0.7475,ultima,mascotas
snack de vacuno y queso para perro pedigree tasty mini 140 g,140 g,2.79,19.928571428571427,pedigree,mascotas
comida humeda delicias del oceano para gato adulto purina gourmet perle 4x85 g,4x85,3.29,0.03870588235294118,gourmet perle,mascotas
snacks hierba gatera para gatos catisfactions 60 g,60 g,1.99,33.166666666666664,catisfactions,mascotas
pienso de buey y trigo para gato adulto esterilizado purina one 15 kg,15 kg,10.15,0.6766666666666666,purina one,mascotas
comida humeda de buey y pollo para gato naturaly carrefour 4 unidades de 85 g,85 g,1.99,23.41176470588235,carrefour,mascotas
gelatina seleccion de pollo para gato junior vitalive carrefour 12 sobres de 100 g,100 g,3.69,36.9,carrefour,mascotas
snack de buey para perro pedigree rodeo 70 g,70 g,1.49,21.285714285714285,pedigree,mascotas
comida humeda de carne para gato purina gourmet gold tartelette 8x85 g,8x85,5.79,0.06811764705882353,gourmet,mascotas
snack para gatos purina felix 45 g,x 45,1.95,0.043333333333333335,felix,mascotas
comida humeda seleccion de carnes en salsa para gatos sheba selezione pack de 4 unidades de 85 g,pack de 4 unidades de 85 g,3.35,9.852941176470587,sheba,mascotas
pienso de pollo para perros yorkshire terrier ultima 15 kg,15 kg,8.95,0.5966666666666666,ultima,mascotas
snacks de pollo y pato para gatos catisfactions 60 g,60 g,1.99,33.166666666666664,catisfactions,mascotas
snack stick mini pollo con hierba para gato adulto cat stick vitakraft 3x18g,3x18,0.99,0.055,vitakraft,mascotas
pienso para perro mini carrefour vitalive 15 kg,15 kg,2.89,0.19266666666666668,carrefour,mascotas
purina friskies pienso para gato adulto buey pollo y verduras 4kg,4kg,11.65,2.9125,friskies,mascotas
salchicha de carnes variadas para perro canibaq 1 kg,1 kg,1.85,1.85,canibaq,mascotas
pienso de pollo para perros senior pequenos ultima 15 kg,15 kg,8.95,0.5966666666666666,ultima,mascotas
pienso de buey para gato adulto brekkies excel 35 kg,35 kg,11.45,0.3271428571428571,brekkies excel,mascotas
gelatina seleccion de carnes para gatos felix sensations purina 4 sobres,4 sobres,2.65,0.6625,felix,mascotas
pienso esterilizado bolas pelo de trucha para gatos ultima 15 kg,15 kg,10.49,0.6993333333333334,ultima,mascotas
comida humeda de atun salmon y trucha para gato adulto purina gourmet mon petit 6x50 g,6x50,3.05,0.061,gourmet mom petit,mascotas
comida humeda de salmon para gato junior purina one junior 4x85 g,4x85,3.29,0.03870588235294118,purina one,mascotas
gelatina seleccion de carnes para gatos felix fantastic purina 4x85 g,4x85,2.65,0.03117647058823529,felix,mascotas
gelatina seleccion de pescados para gatos felix fantastic purina 12x85 g,12x85,7.35,0.08647058823529412,felix,mascotas
comida humeda con pollo para perro junior companino 400 g,400 g,1.23,3.0749999999999997,carrefour,mascotas
gelatina selecciones favoritas para gatos felix fantastic junior purina 4x85 g,4x85,2.65,0.03117647058823529,felix,mascotas
carrefour comida para canarios 1kg,1kg,1.82,1.82,carrefour,mascotas
gelatina seleccion de pescados para gatos felix fantastic purina 4x85 g,4x85,2.65,0.03117647058823529,felix,mascotas
gelatina seleccion de pescado para gato adulto vitalive carrefour 24 sobres de 100 g,100 g,6.65,66.5,carrefour,mascotas
snack galleta rellena para perro carrefour mix rolls 500 g,500 g,1.38,2.76,carrefour,mascotas
comida humeda seleccion de pescados para gatos esterilizados adultos ultima fit  delicious 4x85 g,4x85,2.99,0.035176470588235295,ultima,mascotas
comida humeda de ternera y atun para gato purina one indoor 4x85 g,4x85,3.29,0.03870588235294118,purina one,mascotas
alcohol carrefour 500 ml,500 ml,1.7,3.4,carrefour,parafarmacia
agua oxigenada 250 ml,250 ml,0.65,2.6,carrefour,parafarmacia
gel desinfectante de manos soft carrefour 100 ml,100 ml,1.81,18.099999999999998,carrefour soft,parafarmacia
tiras universales carrefour soft 40 ud,40 ud,1.68,0.041999999999999996,carrefour soft,parafarmacia
alcohol etilico 96 carrefour 250 ml,250 ml,0.75,3.0,carrefour,parafarmacia
cepillo interdental 09 mm soft carrefour 5 ud,5 ud,1.41,0.282,carrefour soft,parafarmacia
tiras resistentes carrefour soft 40 ud,40 ud,1.33,0.03325,carrefour soft,parafarmacia
crema depilatoria para pieles sensibles men veet 200 ml,200 ml,5.89,29.449999999999996,veet,parafarmacia
tiras transparentes soft carrefour 30 ud,30 ud,1.8,0.060000000000000005,carrefour soft,parafarmacia
povidona iodada carrefour 125 ml,125 ml,2.15,17.2,carrefour,parafarmacia
tirita 4tama hansapl univ 40u,40u,2.99,0.07475000000000001,hansaplast,parafarmacia
clorhexidina 2 carrefour soft 50 ml,50 ml,1.8,36.0,carrefour,parafarmacia
protector absorbente maxi 60x90 cm sabanindas extra 20 ud,60x90,13.55,0.15055555555555555,sabanindas,parafarmacia
mascarilla quirurgica desechable tipo iir negras para adulto soft carrefour pack de 10 ud,pack de 10 ud,0.99,0.099,carrefour soft,parafarmacia
gasas esteriles crf 100uds,100uds,4.65,0.04650000000000001,carrefour,parafarmacia
apositos resistentes carrefour soft 10 ud,10 ud,1.5,0.15,carrefour soft,parafarmacia
suero fisiologico adulto carrefour soft pack de 30 unidades de 5 ml,pack de 30 unidades de 5 ml,3.25,21.666666666666668,carrefour soft,parafarmacia
esparadrapo microporoso pieles sensibles 5 m x 25 cm carrefour soft 1 ud,x 25,1.53,0.061200000000000004,carrefour soft,parafarmacia
tiras adhesivas para articulaciones ideal para codos y rodillas carrefour 10 ud,10 ud,1.24,0.124,carrefour,parafarmacia
papilla infantil desde 6 meses avena integral con ciruela gerber sin azucar anadido 250 g ,250 g,4.89,19.56,gerber,parafarmacia
dentifrico control duplo parogencyl pack de 2 unidades de 125 ml,pack de 2 unidades de 125 ml,8.49,33.96,parogencyl,parafarmacia
colutorio antiseptico oraldine 400 ml,400 ml,7.59,18.974999999999998,oraldine,parafarmacia
leche infantil de continuacion desde los 6 meses en polvo nestle nan optipro 2 lata 800 g,lata 800 g,21.5,26.875,Desconocida,parafarmacia
suero fisiologico senti2 pack 30 monodosis de 5 ml,5 ml,3.65,730.0,senti 2,parafarmacia
cepillo interdental micro interprox 6 ud,x 6 ud,6.45,1.075,interprox,parafarmacia
pomada hipoalergenica para proteger la zona del panal bephantol 100 g,100 g,15.45,154.49999999999997,bepanthol,parafarmacia
biberon con tetina de silicona fisiologica sx pro flujo denso 6 meses suavinex 360 ml,x 360,11.59,0.03219444444444444,suavinex,parafarmacia
enjuague bucal especial encias gingikin 1 l,1 l,15.49,15.49,kin,parafarmacia
pomada protectora mitosyl 65 g,65 g,9.89,152.15384615384616,mitosyl,parafarmacia
champu anticaida pilexil 900 ml,900 ml,28.3,31.444444444444443,pilexil,parafarmacia
crema facial mustela hydra bebe 40 ml,40 ml,9.55,238.75,mustela,parafarmacia
tiras adhesivas frozen hansaplast 20 ud,20 ud,3.25,0.1625,hansaplast,parafarmacia
pastillas de regaliz juanola sin gluten sin lactosa 27 g,27 g,5.75,212.96296296296296,juanola,parafarmacia
cepillo dental suave vitis 2 ud,2 ud,7.89,3.945,vitis,parafarmacia
papilla infantil desde los 5 meses  8 cereales damira sin lactosa 600 g,600 g,9.25,15.416666666666668,damira,parafarmacia
leche infantil desde el primer dia en polvo nestle nan expert pro total confort 1 lata 800 g,lata 800 g,29.6,37.0,Desconocida,parafarmacia
leche infantil de continuacion desde 6 meses liquida nestle nan optipro2 brik 500 ml,brik 500 ml,3.25,6.5,Desconocida,parafarmacia
cepillo dental duro vitis 1 ud,1 ud,5.15,5.15,vitis,parafarmacia
gel dermatologico ph 55 con colageno y lipo proteinas inibsa pack de 4 unidades de 1 l,pack de 4 unidades de 1 l,14.45,3.6125,inibsa,parafarmacia
complemento nutricional vainilla nutrivigor ensure pack de 4 unidades de 220 ml,pack de 4 unidades de 220 ml,11.09,12.602272727272727,ensure,parafarmacia
cepillo dental cabezal pequeno medio vitis 1 ud,1 ud,5.09,5.09,vitis,parafarmacia
recambios blandos para aspirador nasal desechables narhinel confort rhinomer baby 10 ud,10 ud,6.59,0.659,narhinel,parafarmacia
leche de inicio blemil plus 1 forte 1200 g,1200 g,29.6,24.666666666666668,blemil,parafarmacia
leche infantil para lactantes desde el primer dia en polvo almiron advance 1 sin aceite de palma 1200 g,1200 g,33.4,27.833333333333332,almiron,parafarmacia
pomada para proteger la zona del panal mitosyl 145 g,145 g,16.99,117.17241379310344,mitosyl,parafarmacia
crema de panal calendula ecologica weleda baby 75 ml,75 ml,10.05,134.00000000000003,weleda,parafarmacia
apositos impermeables aquablock salvelox 12 ud,x 12 ud,4.25,0.3541666666666667,salvelox,parafarmacia
limpiador control imperfecciones cerave 236 ml,236 ml,14.05,59.533898305084755,cerave,parafarmacia
colutorio proteccion bucodental integral de dientes y encias triple accion lacer oros 500 ml,500 ml,11.75,23.5,lacer,parafarmacia
champu bebe suave piel normal mustela 200 ml,200 ml,8.55,42.75,mustela,parafarmacia
crema adhesiva para protesis dentales sin sabor pro plus kukident 40 g,40 g,10.49,262.25,kukident,parafarmacia
preparado lacteo infantil de crecimiento desde 12 meses en polvo almiron advance 3 sin aceite de palma lata 800 g,lata 800 g,20.2,25.249999999999996,almiron,parafarmacia
detergente para biberones nuk 500 ml ,500 ml,5.49,10.98,nuk,parafarmacia
barritas de chocolate con leche y trocitos de avellana bicentury 90 g,90 g,3.75,41.66666666666667,bicentury,parafarmacia
higiene intima calmante eucerin pack de 2 unidades de 250 ml,pack de 2 unidades de 250 ml,11.95,23.9,eucerin,parafarmacia
venda cohesiva 25m x 6 cm carrefour soft 1 ud ,x 6,2.29,0.38166666666666665,carrefour soft,parafarmacia
multivitaminico y multiminerales mujer en capsulas onevit sin gluten y sin lactosa 45 ud,45 ud,7.79,0.1731111111111111,onevit,parafarmacia
crema de chocolate sustitutiva bimanan linea sin gluten pack de 2 unidades de 210 g,pack de 2 unidades de 210 g,7.95,18.92857142857143,bimanan,parafarmacia
dentifrico proteccion bucodental integral de dientes y encias triple accion lacer oros 125 ml,125 ml,8.69,69.52,lacer,parafarmacia
magnesio en comprimidos efervescentes aquilea 14 comprimidos,14 comprimidos,5.89,0.4207142857142857,aquilea,parafarmacia
cepillo de dientes plus petit phb 1 ud,1 ud,4.79,4.79,phb,parafarmacia
cepillo de dientes suave complete protection parodontax 1 ud,x 1 ud,4.15,4.15,parodontax,parafarmacia
chupete de silicona fisiologico sx pro 6 18 meses suavinex 1 ud,x 1 ud,7.35,7.35,suavinex,parafarmacia
melatonina en gominolas sabor platano y mango zzzquil natura vicks sin gluten sin lactosa 60 ud,60 ud,23.9,0.3983333333333333,zzzquil,parafarmacia
cepillo dental interdental plus mini interprox 6 ud,x 6 ud,6.45,1.075,interprox,parafarmacia
crema adhesiva para protesis dentales pro plus kukident 57 g,57 g,14.55,255.26315789473685,kukident,parafarmacia
crema analgesica antiinflamatoria fisiocrem 60 ml,60 ml,12.09,201.5,fisiocrem,parafarmacia
caramelo sabor arandano rojo sin azucar ricola 50 g,50 g,2.89,57.8,ricola,parafarmacia
dentifrico blanqueante sabor menta lacer 150 ml,150 ml,9.89,65.93333333333334,lacer,parafarmacia
apositos grandes maxicover esteril 76 x 54 mm salvelox 5 ud,76 x 54,4.79,0.0887037037037037,salvelox med,parafarmacia
cepillo dental ultra suave vitis 1 ud,1 ud,6.25,6.25,vitis,parafarmacia
champu anticaida pilexil 500 ml,500 ml,21.1,42.2,pilexil,parafarmacia
leche infantil para lactantes en polvo almiron profutura 1 sin aceite de palma lata 800 g,lata 800 g,30.4,37.99999999999999,almiron,parafarmacia
dentifrico encias  aliento y sensibilidad parodontax 75 ml,x 75,6.95,0.09266666666666667,parodontax,parafarmacia
colutorio bucal tratamiento periodontal perio aid 500 ml,500 ml,11.09,22.18,perio aid,parafarmacia
arbol de te tecsania 10 ml,10 ml,2.99,299.0,tecsania,parafarmacia
esparadrapo sensitive 5 m x 25 cm salvelox 1 ud,x 25,2.19,0.0876,salvelox med,parafarmacia
magnesio  potasio en comprimidos efervescentes aquilea 14 comprimidos,14 comprimidos,7.85,0.5607142857142857,aquilea,parafarmacia
tabletas limpiadoras para ortodoncias y ferulas corega 36 ud,36 ud,9.79,0.27194444444444443,corega,parafarmacia
locion hidratante cerave 473 ml,473 ml,16.35,34.56659619450318,cerave,parafarmacia
gel dentifrico sensibilidad dental sensilacer 125 ml,125 ml,8.35,66.8,lacer,parafarmacia
preparado lacteo infantil de crecimiento desde los 12 meses en polvo almiron advance 3 sin aceite de palma 1200 g,1200 g,26.0,21.666666666666668,almiron,parafarmacia
cepillo dental suave vitis 1 ud,1 ud,5.15,5.15,vitis,parafarmacia
dentifrico blanqueador vitis 100 ml,100 ml,9.69,96.89999999999999,vitis,parafarmacia
papilla infantil desde 6 meses 8 cereales sin azucar anadido nutriben sin aceite de palma 1 kg,1 kg,8.55,8.55,nutriben,parafarmacia
cepillo interproximinal nano interprox 6 ud,x 6 ud,5.99,0.9983333333333334,vitis,parafarmacia
dentifrico herbal original parodontax 75 ml,x 75,6.49,0.08653333333333334,parodontax,parafarmacia
gotas para los ojos irritados con calendula y hamamelis carrefour soft 10 ml,10 ml,3.35,335.0,carrefour soft,parafarmacia
multivitaminico y multiminerales hombre en capsulas onevit sin gluten y sin lactosa 45 ud,45 ud,7.55,0.16777777777777778,onevit,parafarmacia
colutorio fluor diario  6 anos sabor fresa lacer junio 500 ml ,500 ml,6.89,13.78,lacer,parafarmacia
dentifrico sensibilidad dental sensilacer 125 ml,125 ml,9.35,74.8,lacer,parafarmacia
crema facial xhekpon 40 ml,40 ml,9.35,233.75,xhekpon,parafarmacia
locion corporal cica reparacion intensa para piel seca neutrogena 2 unidades 750 ml ,750 ml,21.3,28.400000000000002,neutrogena,parafarmacia
crema hidratante rostro cerave 52 ml,52 ml,15.59,299.8076923076923,cerave,parafarmacia
preparado lacteo infantil de crecimiento desde 2 anos en polvo almiron advance 4 sin aceite de palma lata 800 g,lata 800 g,17.29,21.612499999999997,almiron,parafarmacia
preparado lacteo de crecimiento 3 desde 12 meses nutriben crecimiento pro  sin aceite de palma lata 800 g,lata 800 g,18.35,22.9375,nutriben,parafarmacia
leche de formula anti colico y anti estrenimiento desde los 6 meses en polvo almiron advance digest 2 lata 800 g,lata 800 g,30.5,38.125,almiron,parafarmacia
colutorio sensibilidad dental sensilacer 500 ml,500 ml,10.05,20.1,lacer,parafarmacia
melatonina en gominolas zzzquil natura vicks sin gluten sin lactosa 60 ud,60 ud,23.9,0.3983333333333333,zzzquil,parafarmacia
apositos cicatrizantes carrefour soft 6 ud,6 ud,6.69,1.115,carrefour soft,parafarmacia
leche infantil para lactantes desde el primer dia en polvo almiron advance 1 sin aceite de palma lata 400 g,lata 400 g,13.65,34.125,almiron,parafarmacia
colutorio aloe vera vitis 1000 ml,1000 ml,15.49,15.49,vitis,parafarmacia
gel limpiador hidratante cerave 473 ml,473 ml,14.05,29.704016913319244,cerave,parafarmacia
cepillo interdental angular extrafino lacer 10 ud,10 ud,7.69,0.769,lacer,parafarmacia
cepillo de dientes medio lacer 2 ud,2 ud,6.59,3.295,lacer,parafarmacia
complemento nutricional chocolate nutrivigor ensure pack de 4 unidades de 220 ml,pack de 4 unidades de 220 ml,11.09,12.602272727272727,ensure,parafarmacia
papilla infantil desde 4 meses cereales ecologica almiron sin gluten sin aceite de palma 200 g,200 g,4.79,23.95,almiron,parafarmacia
oleogel de ducha ph5 para piel sensible y seca eucerin 1000 ml,1000 ml,25.1,25.1,eucerin ph5,parafarmacia
biberon anticolico tetina de silicona flujo 4  3m natural response philips avent 330 ml,330 ml,11.35,34.39393939393939,philips avent,parafarmacia
parches alivio y bienestar para todo el cuerpo soft carrefour 5 ud,5 ud,3.89,0.778,carrefour soft,parafarmacia
colutorio diario complete protection parodontax 500 ml,x 500,11.15,0.0223,parodontax,parafarmacia
cepillo de dientes junior lacer 1 ud,1 ud,3.89,3.89,lacer,parafarmacia
compresas normal con alas posparto indasec postpart 14 ud,14 ud,6.45,0.46071428571428574,indasec,parafarmacia
suero fisiologico fuerza fuerte rhinomer 135 ml,135 ml,10.95,81.1111111111111,rhinomer,parafarmacia
biberon con tetina silicona fisiologica sx pro flujo medio 3 meses suavinex 270 ml,x 270,10.79,0.03996296296296296,suavinex,parafarmacia
infusion infantil blevit digest 150 gr,150 gr,10.65,71.0,blevit,parafarmacia
supradyn energy adultos sin gluten y sin lactosa 70 ud,70 ud,14.29,0.20414285714285713,supradyn,parafarmacia
dentifrico tratamiento gingivitis clorhexidina lacer 75 ml,75 ml,7.49,99.86666666666667,lacer,parafarmacia
preparado lacteo infantil de crecimiento desde 1 ano en polvo sin azucares anadidos nutriben innova 3 sin aceite de palma lata 800 g,lata 800 g,24.3,30.375,nutriben,parafarmacia
cepillo dental cabezal pequeno suave vitis 1 ud,1 ud,5.09,5.09,vitis,parafarmacia
colorante en gel bigote y barba moreno just for men 15 ml,15 ml,10.75,716.6666666666667,just for men,parafarmacia
cepillo dental especial para encias vitis 1 ud,1 ud,6.19,6.19,vitis,parafarmacia
infusion instantanea blevit noches felices 150 g,150 g,10.65,71.0,blevit,parafarmacia
melatonina forte zzzquil natura sin gluten y sin lactosa 30 ud,30 ud,19.89,0.663,zzzquil,parafarmacia
desodorante en spray para los pies y calzado devor olor 150 ml,150 ml,8.69,57.93333333333333,devor olor,parafarmacia
leche infantil de crecimiento desde los 24 meses en polvo nestle nan optipro 4 lata 800 g,lata 800 g,19.49,24.362499999999997,Desconocida,parafarmacia
cepillo de dientes infantil de 2 a 6 anos lacer 1 ud,1 ud,3.89,3.89,lacer,parafarmacia
leche infantil desde 6 meses en polvo nestle nan expert pro total confort 2 lata 800 g,lata 800 g,29.0,36.25,nestle,parafarmacia
citrato de magnesio solgar sin gluten sin lactosa 60 ud,60 ud,18.65,0.3108333333333333,solgar,parafarmacia
locion  champu antipiojos zz 225 ml,225 ml,13.75,61.11111111111111,zz cupex,parafarmacia
carbonato de magnesio en polvo ana maria lajusticia sin gluten 130 g,130 g,10.45,80.38461538461537,ana maria lajusticia,parafarmacia
enjuague bucal diario herbal parodontax 500 ml,x 500,11.19,0.02238,parodontax,parafarmacia
parches para calenturas con aplicador soft carrefour 15 ud,15 ud,3.35,0.22333333333333333,carrefour soft,parafarmacia
seda dental suave con fluor y menta vitis 50 metros,1 paquete,5.55,5.55,vitis,parafarmacia
complemento alimenticio sabor vainilla ensure nutrivigor 400 g,400 g,18.75,46.875,ensure,parafarmacia
energy extra supradyn sin gluten y sin lactosa 30 ud,30 ud,16.05,0.535,supradyn,parafarmacia
complemento vitaminico con coenzima q10 supradyn activo bayer 30 ud,30 ud,16.05,0.535,supradyn,parafarmacia
kit viaje higiene dental phb 1 ud,1 ud,5.05,5.05,phb,parafarmacia
preparado lacteo infantil de crecimiento desde 12 meses en polvo almiron profutura 3 duobiotik sin aceite de palma lata 800 g,lata 800 g,25.5,31.875,almiron,parafarmacia
dentifrico proteccion anticaries con fluor y calcio sabor fresa para ninos 6 meses infantil lacer 75 ml,75 ml,5.15,68.66666666666667,lacer,parafarmacia
caramelo sabor naranja y menta sin azucar ricola 50 g,50 g,2.89,57.8,ricola,parafarmacia
crema fijadora para protesis dentales maximo sellado corega 40 g,40 g,12.39,309.75,corega,parafarmacia
colesterol en capsulas h4u sin gluten 30 ud,4u,5.19,1.2975,health4u,parafarmacia
solucion para lentillas soft carrefour 360 ml,360 ml,4.45,12.361111111111112,carrefour soft,parafarmacia
serum activado por calor liso  listo n4 para cabello encrespado garnier fructis 50 ml,50 ml,8.99,179.79999999999998,garnier fructis,parafarmacia
leche infantil para lactantes en polvo nestle nan supreme pro 1 lata 800 g,lata 800 g,28.5,35.625,Desconocida,parafarmacia
serum anticaida growth booster elvive loreal paris 102 ml,102 ml,12.85,125.98039215686275,elvive,parafarmacia
gel cr depilatveet men 200ml,200ml,5.89,29.449999999999996,veet,parafarmacia
colutorio de uso diario que previene el sangrado gingival causado por encias delicadas y gingivitis gingilacer 1000 ml,1000 ml,16.89,16.89,lacer,parafarmacia
tiras infantiles resistentes al agua carrefour soft 20 ud,20 ud,1.3,0.065,carrefour soft,parafarmacia
esparadrapo textil blanco 5 m x 25 cm carrefour soft 1 ud,x 25,1.53,0.061200000000000004,carrefour soft,parafarmacia
colutorio de uso diario sin alcohol previene caries dental lacer 1000 ml,1000 ml,15.05,15.05,lacer,parafarmacia
dentifrico de uso diario que previene el sangrado gingival causado por encias delicadas y gingivitis gingilacer pack de 2 unidades de 125 ml,pack de 2 unidades de 125 ml,13.59,54.36,lacer,parafarmacia
dentifrico antiplaca y anticaries de uso diario con fluor lacer 200 ml,200 ml,8.85,44.24999999999999,lacer,parafarmacia
colutorio de uso diario que previene el sangrado gingival causado por encias delicadas y gingivitis gingilacer 500 ml,500 ml,10.05,20.1,lacer,parafarmacia
leche infantil de continuacion desde 6 meses nestle nan supreme pro 2 lata 800 g,lata 800 g,26.9,33.62499999999999,Desconocida,parafarmacia
pack suero fisiologico senti 2 2x30 unidades monodosis 5ml,2x30 unidades,7.09,0.23633333333333334,senti 2,parafarmacia
cepillo interdental 18 mm soft carrefour 5 ud,5 ud,1.41,0.282,carrefour soft,parafarmacia
dentifrico con fluor anti caries sabor menta bi fluore 250 mg fluocaril pack de 2 unidades de 150 ml,pack de 2 unidades de 150 ml,10.89,36.300000000000004,fluocaril,parafarmacia
dentifrico antiplaca y anticaries lacer pack de 2 unidades de 125 ml,pack de 2 unidades de 125 ml,11.69,46.76,lacer,parafarmacia
complemento alimenticio sabor vainilla ensure nutrivigor 850 g,850 g,34.0,40.0,ensure,parafarmacia
colutorio encias vitis 1000 ml,1000 ml,17.95,17.95,vitis,parafarmacia
crema balsamo para proteger la zona del panal 1 2 3 mustela 150 ml,150 ml,12.49,83.26666666666667,mustela,parafarmacia
leche infantil para lactantes en polvo blemil confort protech 1 lata 800 g,lata 800 g,30.6,38.25,blemil,parafarmacia
alcohol 96 orby 250 ml,250 ml,1.21,4.84,orby,parafarmacia
gotas para los ojos secos carrefour soft 10 ml,10 ml,3.35,335.0,carrefour soft,parafarmacia
cepillo de dientes pro clean advanced medium oral b 1 ud,1 ud,4.15,4.15,oral b,parafarmacia
melatonina sanon sin gluten 60 ud,60 ud,9.25,0.15416666666666667,sanon,parafarmacia
leche de formula anti regurgitacion desde los 6 meses en polvo almiron advance ar 2 lata 800 g,lata 800 g,26.8,33.5,almiron,parafarmacia
leche infantil desde 1 dia en polvo nutriben confort sin aceite de palma lata 800 g,lata 800 g,29.1,36.375,nutriben,parafarmacia
tiras pieles sensibles soft carrefour 30 ud,30 ud,2.25,0.075,carrefour soft,parafarmacia
tabletas limpiadoras para protesis dentales oxigeno bio activo 3 minutos corega 108 ud,108 ud,18.89,0.1749074074074074,corega,parafarmacia
leche infantil de continuacion desde 1 ano en polvo evolution blemil optimum sin azucar anadida 1 lata 800 g,lata 800 g,23.2,28.999999999999996,blemil,parafarmacia
dentifrico uso diario anticaries sabor fresa infantil fluor kin 75 ml,75 ml,5.75,76.66666666666667,kin,parafarmacia
leche infantil de crecimiento desde los 12 meses en polvo nestle nan optipro 3 lata 800 g,lata 800 g,21.5,26.875,Desconocida,parafarmacia
papilla infantil desde los 5 6 meses multicereales fos damira sin lactosa 600 g,600 g,9.25,15.416666666666668,damira,parafarmacia
omega 3 en capsulas blandas phytofarma 270 ud,270 ud,19.59,0.07255555555555555,phytofarma,parafarmacia
cepillo dental medio phb 2 ud,2 ud,7.69,3.845,phb,parafarmacia
dentifrico sensibilidad dental sensilacer 75 ml,75 ml,6.65,88.66666666666667,lacer,parafarmacia
gel de bano ph5 para piel sensible eucerin 1000 ml,1000 ml,20.6,20.6,eucerin ph5,parafarmacia
champu anticaida quinina klorane pack de 2 unidades de 400 ml,pack de 2 unidades de 400 ml,24.6,30.75,klorane,parafarmacia
complemento alimenticio desde 12 meses sabor fresa pediasure 850 g,850 g,33.9,39.88235294117647,pediasure,parafarmacia
chupete con tetina anatomica sx pro de silicona 0 6 meses suavinex 2 ud,x 2 ud,7.79,3.895,suavinex,parafarmacia
kit antipiojos carrefour champu 180 ml y locion 180 ml,180 ml,6.59,36.611111111111114,carrefour,parafarmacia
leche infantil para lactantes en polvo ecologico bio combiotik hipp sin gluten lata 800 g,lata 800 g,28.1,35.125,hipp,parafarmacia
champu recien nacido mustela 150 ml,150 ml,9.49,63.26666666666667,mustela,parafarmacia
toallitas dermohidratantes suavinex 72 ud,x 72 ud,3.69,0.05125,suavinex,parafarmacia
cepillo interproximal conico interprox 6 ud,x 6 ud,5.99,0.9983333333333334,interprox,parafarmacia
omega 3 en capsulas blandas h4u 30 ud,4u,6.19,1.5475,health4u,parafarmacia
colutorio diario formula de accion blanqueadora con fluor sin alcohol sabor citrus lacer blanc 500 ml,500 ml,9.65,19.3,lacer,parafarmacia
crema fijadora para protesis dentales maximo sellado corega 70 g,70 g,15.75,224.99999999999997,corega,parafarmacia
almohadillas adhesivas para dentadura inferior algasiv 30 ud,30 ud,13.55,0.4516666666666667,algasiv,parafarmacia
chupete con tetina fisiologica sx pro de silicona 0 6 meses suavinex 2 ud,x 2 ud,9.05,4.525,suavinex,parafarmacia
dentifrico para un refuerzo intensivo del esmalte expert protect sensodyne 75 cl,75 cl,6.15,8.200000000000001,sensodyne,parafarmacia
dentifrico proteccion anticaries protege encias con fluor y calcio sabor menta para ninos 6 anos junior lacer 75 ml,75 ml,4.69,62.53333333333334,lacer,parafarmacia
envase aseptico para orina heces o esputos enfa 1 ud,1 ud,0.85,0.85,presteril,parafarmacia
enjuague bucal antiplaca kin pack de 2 unidades de 500 ml,pack de 2 unidades de 500 ml,8.35,8.35,kin,parafarmacia
apositos ampollas medianas compeed 5 ud,5 ud,8.29,1.658,compeed,parafarmacia
liquido lentillas ecologico true bausch  lomb 300 ml,300 ml,11.95,39.833333333333336,bauschlomb,parafarmacia
champu extracto quinina xensium 500 ml,500 ml,8.35,16.7,xensium,parafarmacia
leche infantil para lactantes desde el primer dia enfamil complete 800 g,800 g,29.1,36.375,enfamil,parafarmacia
tapones para los oidos de silicona noton aqua sport 6 ud,6 ud,5.19,0.8650000000000001,noton,parafarmacia
gotas hidratantes para ojos novalens 15 ml,15 ml,6.49,432.6666666666667,novalens,parafarmacia
triptofano con melatonina magnesio y vitamina b6 en comprimidos ana maria lajusticia sin gluten 60 ud,60 ud,15.05,0.25083333333333335,ana maria lajusticia,parafarmacia
omega 369 sanon 110 ud,110 ud,10.05,0.09136363636363637,sanon,parafarmacia
peptidos de colageno vital proteins 567 g,567 g,42.4,74.77954144620811,vital proteins,parafarmacia
aceite de semillas rosa mosqueta ecologico arganour 50 ml,50 ml,9.49,189.79999999999998,arganour,parafarmacia
aposito liquido mimetik beter 15 g,15 g,4.59,306.0,beter,parafarmacia
bao espleti baby sebam1000,1 paquete,17.89,17.89,sebamed baby,parafarmacia
leche infantil de continuacion desde 6 meses en polvo enfamil complete 2 800 g,800 g,24.9,31.124999999999996,enfamil,parafarmacia
balsamo labial hidratante carmex 1 ud,x 1 ud,4.35,4.35,carmex,parafarmacia
colonia para bebe sin alcohol perfuma y refresca mustela 200 ml,200 ml,9.39,46.95,mustela,parafarmacia
cepillo dental junior cabezal pequeno vitis 1 ud,1 ud,5.09,5.09,vitis,parafarmacia
enjuague bucal oral kin zero pack de 2 unidades de 500 ml,pack de 2 unidades de 500 ml,9.95,9.95,kin,parafarmacia
 ashwagandha sanon 90 ud,90 ud,15.29,0.16988888888888887,sanon,parafarmacia
colutorio bucal mantenimiento periodontal perio aid 500 ml,500 ml,11.09,22.18,perio aid,parafarmacia
dentifrico gingi kin b5 pack de 2 unidades de 125 ml,pack de 2 unidades de 125 ml,11.75,47.0,kin,parafarmacia
papilla infantil desde 4 meses cereales nutriben innova zero sin gluten 500 g,500 g,7.75,15.5,nutriben,parafarmacia
mordedor refrigerante 4m etapa 2,1 paquete,5.99,5.99,suavinex,parafarmacia
colutorio diario formula de accion blanqueadora con fluor sin alcohol sabor menta lacer blanc 500 ml,500 ml,10.15,20.3,lacer,parafarmacia
balsamo labial para labios secos y agrietados aquaphor eucerin 9 g,9 g,7.99,887.7777777777778,eucerin aquaphor,parafarmacia
tonico capilar hierbas ronquina kesmar 1 l,1 l,9.49,9.49,ronquina,parafarmacia
colageno hidrolizado en comprimidos sanon sin gluten 180 ud,180 ud,11.19,0.06216666666666666,sanon,parafarmacia
crema de manos concentrada con perfume neutrogena 2 unidades 50 ml,50 ml,9.9,198.0,neutrogena,parafarmacia
leche infantil para lactantes en polvo nestle nan expert pro sin lactosa 400 g,400 g,13.89,34.725,Desconocida,parafarmacia
multivitaminico y multimineral en comprimidos mujer 50 multicentrum sin gluten 30 ud,30 ud,13.99,0.4663333333333333,multicentrum,parafarmacia
tetina fisiologicas sx pro de silicona de flujo denso 6m suavinex 2 ud,x 2 ud,8.89,4.445,suavinex,parafarmacia
colageno forte bie3 sin gluten y sin lactosa 30 ud,30 ud,23.7,0.7899999999999999,bie3,parafarmacia
dentifrico vitis aloe vera 100 ml,100 ml,5.59,55.9,vitis,parafarmacia
gel dentifrico uso diario anticaries sabor fresa junior fluor kin 75 ml,75 ml,5.79,77.2,fluor kin,parafarmacia
crema reparadora contorno de ojos cerave 14 ml,14 ml,14.19,1013.5714285714286,cerave,parafarmacia
colutorio de uso diario sin alcohol previene caries dental lacer fresh 500 ml,500 ml,10.05,20.1,lacer,parafarmacia
biberon anticolico tetina de silicona flujo 3  1m natural response philips avent 260 ml,260 ml,10.99,42.26923076923077,philips avent,parafarmacia
gel lubricante intimo vagisil 30 g,30 g,10.29,343.0,vagisil,parafarmacia
complemento alimenticio para el transito intestinal roha max 130 g,x 130,13.29,0.10223076923076922,roha,parafarmacia
barritas sabor chocolate crujiente bimanan bekomplett sin gluten pack de 8 unidades de 35 g,pack de 8 unidades de 35 g,15.15,54.107142857142854,bimanan,parafarmacia
colorante en gel bigote y barba castano just for men 15 ml,15 ml,11.19,746.0,just for men,parafarmacia
complemento alimenticio melatonina y triptofano comprimidos epaplus 60 comprimidos,60 comprimidos,12.29,0.2048333333333333,epaplus,parafarmacia
locion de absorcion inmediata para piel seca hidratacion profunda neutrogena de 2 unidades 750 ml,750 ml,21.3,28.400000000000002,neutrogena,parafarmacia
cinta dental con cera vitis 50 metros,1 paquete,5.55,5.55,vitis,parafarmacia
gel champu espumoso suavinex 750 ml,x 750,13.09,0.017453333333333335,suavinex,parafarmacia
crema facial cleanance comedomed avne 30 ml,30 ml,17.35,578.3333333333334,avene,parafarmacia
locion hidratante corporal ph5 para piel sensible eucerin 1000 ml,1000 ml,27.3,27.3,eucerin ph5,parafarmacia
agua de mar en spray nariz tapada y resfrio marimer 100 ml,100 ml,7.15,71.5,marimer,parafarmacia
infusion control peso bie3 25 ud,25 ud,5.69,0.22760000000000002,bie3,parafarmacia
tetinas liquidos espesos 6m flujo 6 natural response philips avent 2 ud,2 ud,7.45,3.725,philips avent,parafarmacia
spray para el cuidado de fosas nasales agua de mar senti2 pack de 2 unidades de 100 ml,pack de 2 unidades de 100 ml,12.19,60.949999999999996,senti 2,parafarmacia
chupete con tetina fisiologica sx pro de silicona 6 18 meses suavinex 2 ud,x 2 ud,8.85,4.425,suavinex,parafarmacia
desodorante en roll on antitranspirante original perspirex 20 ml,x 20,16.79,0.8394999999999999,perspirex,parafarmacia
colutorio dientes sensibles anticaries uso diario accion progresiva desensin 500 ml,500 ml,11.19,22.38,desensin,parafarmacia
papilla infantil 1 mes gerber arroz avena y manzana sin gluten y sin azucar anadido 250 g,250 g,5.19,20.76,gerber,parafarmacia
gel active fisiocrem 200 ml,200 ml,24.5,122.5,fisiocrem,parafarmacia
colutorio control diario periodontal y periimplantorio perio aid 1000 ml,1000 ml,17.55,17.55,perio aid,parafarmacia
magnesio  vitamina b6 en comprimidos h4u sin gluten 60 ud,4u,5.99,1.4975,health4u,parafarmacia
colutorio blanqueadora vitis 500 ml,500 ml,11.29,22.58,vitis,parafarmacia
crema fijadora para protesis dentales sin sabor corega 70 g,70 g,15.55,222.14285714285714,corega,parafarmacia
crema del panal suavinex 75 ml,x 75,7.69,0.10253333333333334,suavinex,parafarmacia
valeriana forte en comprimidos kneipp sin gluten sin lactosa 30 ud,30 ud,12.95,0.43166666666666664,kneipp,parafarmacia
complemento alimenticio detox y quemagrasas aquilea 10 ud,10 ud,13.15,1.315,aquilea,parafarmacia
crema de manos rapida absorcion neutrogena pack 2 unidades 75 ml,pack 2 unidades,9.9,4.95,neutrogena,parafarmacia
multivitaminico y multimineralcon ginseng y ginkgo en comprimidos plus multicentrum sin gluten 30 ud,30 ud,15.95,0.5316666666666666,multicentrum,parafarmacia
aceite de ricino 100 puro ecologico arganour 100 ml,100 ml,4.85,48.49999999999999,arganour,parafarmacia
enjuague bucal anti bacteriano sabor menta encias control parogencyl pack de 2 unidades de 500 ml,pack de 2 unidades de 500 ml,11.75,11.75,fluocaril,parafarmacia
crema reparadora protectora cicalfate avene100 ml,100 ml,18.05,180.5,avene,parafarmacia
pomada reparadora aquaphor eucerin 40 g,40 g,11.15,278.75,eucerin aquaphor,parafarmacia
dentifrico especial para portadores de ortodoncia vitis 100 ml,100 ml,8.05,80.5,vitis,parafarmacia
leche infantil de continuacion blemil plus 2 forte lata 800 g,lata 800 g,21.5,26.875,blemil,parafarmacia
leche infantil de continuacion desde 6 meses en polvo nestle nan optipro 2 1200 g,1200 g,27.9,23.25,Desconocida,parafarmacia
aceite esencial arbol del te ecologico arganour 20 ml,20 ml,6.45,322.5,arganour,parafarmacia
champu quinina y edelweiss klorane 400 ml,400 ml,17.59,43.974999999999994,klorane,parafarmacia
champu tratante alivia el picor elimina la caspa kelual ds ducray 100 ml,100 ml,17.75,177.5,ducray,parafarmacia
apositos ampollas extreme compeed 5 ud,5 ud,7.65,1.53,compeed,parafarmacia
cepillo de dientes medio lacer 1 ud dentifrico 5 ml,5 ml,4.89,977.9999999999999,lacer,parafarmacia
locion corporal cica reparacion intensa para piel seca neutrogena 400 ml,400 ml,9.9,24.75,neutrogena,parafarmacia
cepillo de dientes medio phb 2 ud,2 ud,6.45,3.225,phb,parafarmacia
almohadillas adhesivas para dentadura superior algasiv 30 ud,30 ud,13.55,0.4516666666666667,algasiv,parafarmacia
balsamo labial hidratante carmex 1 ud,x 1 ud,4.35,4.35,carmex,parafarmacia
limpiadora hidratante cerave 236 ml,236 ml,9.49,40.21186440677966,cerave,parafarmacia
colageno  acido hialuronico sanon 60 ud,60 ud,11.19,0.1865,sanon,parafarmacia
desodorante en crema eau de lancaster 125 ml,125 ml,9.25,74.0,lancaster,parafarmacia
bolsas de almacenamiento de leche materna medela 25 ud,25 ud,10.59,0.4236,medela,parafarmacia
papilla infantil desde 5 meses 8 cereales blevit sin azucar anadido 500 g,500 g,10.29,20.58,blevit,parafarmacia
seda dental con cera vitis 2 x 50 m,2 x 50,9.35,0.187,vitis,parafarmacia
discos de lactancia chicco 60 ud,60 ud,9.25,0.15416666666666667,chicco,parafarmacia
polvos para los pies funsol 60 g,60 g,9.99,166.5,funsol,parafarmacia
papilla infantil desde 6 meses 10 cereales con un toque de miel galletas maria nutriben sin aceite de palma 600 g,600 g,5.95,9.916666666666668,nutriben,parafarmacia
limpiador lingual halita 1 ud,1 ud,5.45,5.45,halita,parafarmacia
locion hidratacion profunda de absorcion inmediata para piel seca neutrogena 400 ml,400 ml,9.9,24.75,neutrogena,parafarmacia
canastilla mustela colonia 200 ml gel champu 200 ml leche corporal 300 ml crema balsamo 50 ml y toallitas 70 ud,200 ml,39.6,198.0,mustela,parafarmacia
suero fisiologico fuerza media rhinomer 135 ml,135 ml,10.95,81.1111111111111,rhinomer,parafarmacia
balsamo labial nutritivo himalaya 45 g,45 g,2.79,62.0,himalaya herbals,parafarmacia
apositos ampollas surtido compeed 6 ud,6 ud,7.65,1.2750000000000001,compeed,parafarmacia
leche infantl antiregurgitacion desde el primer dia blemil plus 800 g,800 g,29.3,36.625,blemil,parafarmacia
cepillo dental suave lacer 2 ud,2 ud,6.59,3.295,lacer,parafarmacia
gel limpiador facial vitamina c babaria 200 ml,200 ml,5.29,26.45,babaria,parafarmacia
biberon anticolico tetina de silicona flujo 2  0m natural response philips avent 125 ml,125 ml,9.45,75.6,philips avent,parafarmacia
colutorio sequedad oral xerostomia y equilibrante salival xerolacer 500 ml,500 ml,12.09,24.18,lacer,parafarmacia
te manasul seal 25 ud,25 ud,5.59,0.2236,manasul,parafarmacia
batido sustitutivo sabor chocolate sin azucar anadido en sobres bimanan beslim 6 ud,6 ud,16.69,2.7816666666666667,bimanan,parafarmacia
dentifrico ultra whitening himalaya 75 ml,75 ml,3.45,46.00000000000001,himalaya,parafarmacia
maca sanon 100 ud,100 ud,10.65,0.1065,sanon,parafarmacia
colorante en gel bigote y barba negro just for men 15 ml,15 ml,10.69,712.6666666666666,just for men,parafarmacia
parche anti acne invisible hero 24 ud,24 ud,13.19,0.5495833333333333,hero,parafarmacia
pomada protectora con extracto de avena natusan 100 ml,100 ml,7.69,76.9,natusan,parafarmacia
tinte classic 5n castano claro farmatint 1 ud,1 ud,10.25,10.25,farmatint,parafarmacia
agua termal vaporizador facial piel sensible avne 300 ml,300 ml,14.29,47.63333333333333,avene,parafarmacia
locion mustela 750 ml,750 ml,15.75,21.0,mustela,parafarmacia
multivitaminico y multimineral en comprimidos hombre 50 multicentrum sin gluten 30 ud,30 ud,13.99,0.4663333333333333,multicentrum,parafarmacia
apositos ampollas medianas compeed 10 ud,10 ud,13.65,1.365,compeed,parafarmacia
papilla infantil belvit 8 cereales desde 5 meses sin azucar anadido 1000 g,1000 g,18.35,18.35,blevit,parafarmacia
triptofano con magnesio  vitamina b6 en comprimidos ana maria lajusticia sin gluten 60 ud,60 ud,12.15,0.2025,ana maria lajusticia,parafarmacia
papilla infantil desde 6 meses gerber multicereales sin azucar anadido 510 g,510 g,7.99,15.666666666666666,gerber,parafarmacia
multivitaminico y multimineral en comprimidos mujer multicentrum sin gluten 90 ud,90 ud,23.5,0.2611111111111111,multicentrum,parafarmacia
colorante en champu moreno just for men 30 ml,30 ml,12.39,413.00000000000006,just for men,parafarmacia
desodorante sensitive aloe vera dermactive roll on mussvital pack de 2 unidades de 75 ml,pack de 2 unidades de 75 ml,8.09,53.93333333333334,mussvital,parafarmacia
dentifrico lacer 125 ml,125 ml,6.89,55.12,lacer,parafarmacia
tabletas limpiadoras para protesis dentales corega 66 ud,66 ud,16.39,0.24833333333333335,corega,parafarmacia
jabon liquido multidermol 750 ml,750 ml,9.95,13.266666666666666,multidermol,parafarmacia
leche infantil desde 1 dia en polvo nutriben ar sin aceite de palma lata 800 g,lata 800 g,27.2,34.0,nutriben,parafarmacia
locion hidratante ultraligera ph5 para pieles secas y sensibles eucerin 1000 ml,1000 ml,26.7,26.7,eucerin ph5,parafarmacia
multivitaminico y multimineral en comprimidos hombre multicentrum sin gluten 30 ud,30 ud,11.49,0.383,multicentrum,parafarmacia
aceite corporal bio oil 200 ml,200 ml,21.7,108.49999999999999,bio oil,parafarmacia
gel de ducha protectora y duradera de la piel multidermol 750 ml,750 ml,9.95,13.266666666666666,multidermol,parafarmacia
gel aceite de coco essentials hipoalergenico mussvital 750 ml,750 ml,3.35,4.466666666666667,mussvital,parafarmacia
dentifrico blanqueador fluocaril pack de 2 unidades de 75 ml,pack de 2 unidades de 75 ml,8.95,59.666666666666664,fluocaril,parafarmacia
balsamo tiger balm 19 g,19 g,10.79,567.8947368421052,dietisa,parafarmacia
gel bioadhesivo tratamiento gingivitis clorhexidina lacer 50 ml,50 ml,10.65,213.0,lacer,parafarmacia
papilla infantil desde 6 meses 8 cereales galletas maria nutriben sin aceite de palma 600 g,600 g,6.29,10.483333333333334,nutriben,parafarmacia
desodorante en roll on antitranspirante strong perspirex 20 ml,x 20,17.35,0.8675,perspirex,parafarmacia
toallitas limpiadoras con aguacate bio mustela pack de 3 unidades de 60 ud,pack de 3 unidades,12.59,4.196666666666666,mustela,parafarmacia
multi vitaminas  ginseng vallesol vitalidad 24 comprimidos,24 comprimidos,6.49,0.2704166666666667,vallesol,parafarmacia
papilla infantil blevit 8 cereales con cacao desde12 meses 500 g,500 g,10.65,21.3,blevit,parafarmacia
papilla infantil desde 5 meses 8 cereales blevit optimum sin azucar anadido 250 g,250 g,6.79,27.16,blevit,parafarmacia
cepillo interdental fino angular lacer 6 ud,6 ud,5.49,0.915,lacer,parafarmacia
cinta dental con fluor y menta vitis 2 ud,2 ud,11.05,5.525,vitis,parafarmacia
colorante en gel bigote y barba castano claro just for men 15 ml,15 ml,11.85,790.0,just for men,parafarmacia
crema de manos reparadora cerave 50 ml,50 ml,5.45,109.0,cerave,parafarmacia
gel champu suavinex 750 ml,x 750,14.95,0.01993333333333333,suavinex,parafarmacia
tiras nasales grandes breathe right 30 ud,30 ud,26.2,0.8733333333333333,breathe right,parafarmacia
apositos repara ampollas salvelox 5 ud,x 5 ud,7.69,1.538,salvelox,parafarmacia
colorante en champu castano just for men 30 ml,30 ml,12.39,413.00000000000006,just for men,parafarmacia
tinte classic 6n rubio oscuro farmatint 1 ud,1 ud,10.25,10.25,farmatint,parafarmacia
colorante en champu castano oscuro just for men 30 ml,30 ml,11.89,396.33333333333337,just for men,parafarmacia
limpiador en aceite espumoso hidratante cerave 473 ml,473 ml,18.05,38.16067653276956,cerave,parafarmacia
enjuague bucal fluor kin infantil 500 ml,500 ml,7.59,15.18,kin,parafarmacia
dentifrico tratamiento periodontal perio aid 100 ml,100 ml,11.45,114.49999999999999,perio aid,parafarmacia
crema fijadora kukident expert 40 g,40 g,12.65,316.25,kukident,parafarmacia
colorante en champu negro just for men 30 ml,30 ml,11.19,373.0,just for men,parafarmacia
complemento colageno natural complex en polvo colnatur 330 g,330 g,21.0,63.63636363636363,colnatur,parafarmacia
discos de lactancia suavinex 60 ud,x 60 ud,11.19,0.1865,suavinex,parafarmacia
coloracion permanente sin amoniaco cabellos delicados n 30 castano oscuro colour clinuance cleare institute 1 ud,1 ud,7.59,7.59,cleare institute,parafarmacia
complemento alimenticio con jalea real vitaminas y hierro en ampollas revital vitaminado forte 1500 20 ud,20 ud,19.25,0.9625,revital,parafarmacia
parches tratamiento de las calenturas compeed 15 ud,15 ud,11.55,0.77,compeed,parafarmacia
crema de manos urea repair plus eucerin pack de 2 unidades de 75 ml,pack de 2 unidades de 75 ml,11.09,73.93333333333334,eucerin urea repair,parafarmacia
leche infantil de continuacion desde 6 meses en polvo damira natur 2 sin aceite de palma lata 800 g,lata 800 g,24.0,30.0,damira,parafarmacia
crema pies ultra hidratante para pies secos y estropeados neutrogena pack de 2 unidades de 100 ml,pack de 2 unidades de 100 ml,14.15,70.75,neutrogena,parafarmacia
locion enriquecida hidratante corporal ph5 para piel sensible y seca eucerin 1000 ml,1000 ml,25.5,25.5,eucerin ph5,parafarmacia
set higiene bebe chicco natural sensation gel  champu 200 ml crema corporal 150 ml y agua perfumada 100 ml,200 ml,20.1,100.5,chicco,parafarmacia
emulsion dermo reductora y reafirmante vientre plano elifexir 200 ml,200 ml,15.15,75.75,elifexir,parafarmacia
gel limpiador cleanance avne 400 ml,400 ml,21.3,53.25,avene,parafarmacia
solucion unica multiplus bausch  lomb pack de 2 unidades de 500 ml  solucion 60 ml,pack de 2 unidades de 500 ml,23.5,23.5,bauschlomb,parafarmacia
tira esteril color carne nexcare 6 ud,6 ud,4.35,0.725,nexcare,parafarmacia
cepillo dental suave phb 2 ud,2 ud,7.69,3.845,phb,parafarmacia
colutorio diario fluor fluor aid 500 ml,500 ml,7.05,14.1,fluor aid,parafarmacia
cepillo dental con cabezal especifico para ortodoncias vitis 1 ud,1 ud,5.89,5.89,vitis,parafarmacia
balsamo labial hidrantate carmex 1 ud,x 1 ud,4.35,4.35,carmex,parafarmacia
natillas sustitutivas sabor vainilla en sobres bimanan beslim 6 ud,6 ud,17.35,2.891666666666667,bimanan,parafarmacia
cepillo dental suave phb 2 ud,2 ud,7.05,3.525,phb,parafarmacia
limpiador anti rugosidades cerave 236 ml,236 ml,14.35,60.80508474576271,cerave,parafarmacia
papilla infantil blevit 8 cereales con miel desde 5 meses 1000 g,1000 g,17.05,17.05,blevit,parafarmacia
gel y champu para la higiene de la piel y cabellos delicados pon emo colageno 1000 ml,1000 ml,15.15,15.15,pon emo,parafarmacia
papilla infantil desde 5 meses 8 cereales y frutas blevit sin azucar anadido 500 g,500 g,10.65,21.3,blevit,parafarmacia
papilla infantil desde 6 meses 8 cereales nutriben innova zero 500 g,500 g,7.75,15.5,nutriben,parafarmacia
coloracion permanente sin amoniaco cabellos delicados n 50 castano claro colour clinuance cleare institute 1 ud,1 ud,7.59,7.59,cleare institute,parafarmacia
batido complemento alimenticio sabor chocolate sin gluten meritene 15 ud,15 ud,23.5,1.5666666666666667,meritene,parafarmacia
infusion infantil blevit laxante 150 gr,150 gr,10.65,71.0,blevit,parafarmacia
toallitas para la higiene en caso de hemorroides hemofarm 60 ud,60 ud,6.85,0.11416666666666667,hemofarm,parafarmacia
roll on arnica para golpes topeto 15 ml,15 ml,4.75,316.6666666666667,topeto,parafarmacia
preparado lacteo infantil de crecimiento desde 1 ano blemil plus 3 lata 800 g,lata 800 g,17.45,21.812499999999996,blemil,parafarmacia
spray nasal descongestion nasal natura vicks 20 ml,20 ml,8.69,434.49999999999994,vicks,parafarmacia
colutorio par el mal aliento halita 500 ml,500 ml,16.05,32.1,halita,parafarmacia
leche infantil de crecimiento desde los 12 meses en polvo nestle nan optipro 3 1200 g,1200 g,26.9,22.416666666666668,Desconocida,parafarmacia
apositos callos medianos compeed 10 ud,10 ud,6.85,0.6849999999999999,compeed,parafarmacia
protector para labios secos eucerin 1 ud,1 ud,4.45,4.45,eucerin ph5,parafarmacia
tratamiento colorante moreno negro touch of grey just for men1 ud,1 ud,9.85,9.85,just for men,parafarmacia
cepillo dental sensitive phb 1 ud,1 ud,5.99,5.99,phb,parafarmacia
locion hidratante corporal suavinex 750 ml,x 750,18.19,0.024253333333333335,suavinex,parafarmacia
vigor el capsulas aquilea 60 capsulas,60 capsulas,27.0,0.45,aquilea,parafarmacia
colutorio orthodontic sin alcohol sabor manzana menta vitis 500 ml,500 ml,11.29,22.58,vitis,parafarmacia
colageno sabor limon epaplus sin gluten y sin lactosa 331 g,331 g,20.9,63.14199395770392,epaplus,parafarmacia
cepillo dental ortodontico vitis 1 ud,1 ud,5.89,5.89,vitis,parafarmacia
complemento alimenticio en capsulas energisil vigor plus 30 ud,30 ud,21.3,0.7100000000000001,energisil,parafarmacia
crema de dia hyaluron activ b3 avne 50 ml,50 ml,39.3,785.9999999999999,avene,parafarmacia
apositos juanetes compeed 5 ud,5 ud,6.15,1.23,compeed,parafarmacia
cuchara infantil para bebes 6 meses suavinex 2 ud,x 2 ud,3.75,1.875,suavinex,parafarmacia
desodorante roll on piel normal roc keops pack de 2 unidades de 30 ml,pack de 2 unidades de 30 ml,16.29,271.5,roc,parafarmacia
colageno  acido hialuronico en capsulas h4u 30 ud,4u,7.19,1.7975,health4u,parafarmacia
ginseng complemento alimenticio jalea real  vitaminas revital 20 ampollas,20 ampollas,19.25,0.9625,revital,parafarmacia
colorante en champu castano medio just for men 30 ml,30 ml,11.99,399.6666666666667,just for men,parafarmacia
crema hidratante facial aqua gel avene 50 ml,50 ml,21.6,432.0,avene,parafarmacia
crema facial antiedad unificadora rica en vitamina c multi correxion revive  glow roc 50 ml,50 ml,28.4,567.9999999999999,roc,parafarmacia
chupete de silicona anatomico luxe physioforma chicco 2 ud,2 ud,9.49,4.745,chicco,parafarmacia
balsamo nariz y labios reparacion inmediata neutrogena 15 ml,15 ml,7.45,496.6666666666667,neutrogena,parafarmacia
forte noche 8 h forte pharma sin gluten y sin lactosa 60 ud,60 ud,21.9,0.365,forte pharma,parafarmacia
crema de manos concentrada sin perfume alivio inmediato para manos secas neutrogena 50 ml,50 ml,8.15,163.0,neutrogena,parafarmacia
colageno soluble colnatur sport neutro 330 g,330 g,21.0,63.63636363636363,colnatur,parafarmacia
papilla infantil desde 6 meses gerber multicereales galleta sin azucar anadido 510 g,510 g,7.99,15.666666666666666,gerber,parafarmacia
esparadrapo transparente 5 m x 25 cm carrefour soft 1 ud,x 25,1.64,0.06559999999999999,carrefour soft,parafarmacia
leche infantil de continuacion desde 6 meses en polvo nutriben innova 2 sin aceite de palma lata 800 g,lata 800 g,26.6,33.25,nutriben,parafarmacia
barritas de chocolate blanco con trocitos de frutos rojos bicentury 90 g,90 g,3.75,41.66666666666667,bicentury,parafarmacia
colutorio clorhexidina lacer 500 ml,500 ml,10.25,20.5,lacer,parafarmacia
toallitas sensibles para recien nacido biodegradables sin fragancia waterwipes 60 ud,60 ud,4.25,0.07083333333333333,water wipes,parafarmacia
apositos impermeables carrefour soft 20 ud,20 ud,2.45,0.12250000000000001,carrefour soft,parafarmacia
colutorio de uso diario sin alcohol previene caries dental lacer 500 ml,500 ml,9.55,19.1,lacer,parafarmacia
cepillo dental medio vitis 2 ud,2 ud,7.89,3.945,vitis,parafarmacia
leche infantil de continuacion 2 desde 6 meses en polvo nutriben continuacion pro a sin aceite de palma lata 800 g,lata 800 g,19.55,24.4375,nutriben,parafarmacia
protector de cama 80 x 180 cms sabanindas 20 ud,80 x 180,14.15,0.07861111111111112,sabanindas,parafarmacia
gel de bano suave cuerpo y cabello mustella 500 ml,500 ml,12.85,25.7,mustela,parafarmacia
chupete de silicona fisiologico sx pro 0 6 meses suavinex 1 ud,x 1 ud,5.85,5.85,suavinex,parafarmacia
gel de bano con espuma con aguacate mustela 750 ml,750 ml,13.75,18.333333333333332,mustela,parafarmacia
leche infantil para lactantes en polvo blemil optimum evolution 1 lata 800 g,lata 800 g,30.7,38.375,blemil,parafarmacia
gel dermo limpiador mustela 750 ml,750 ml,14.29,19.05333333333333,mustela,parafarmacia
dentifrico de uso diario que previene el sangrado gingival causado por encias delicadas y gingivitis gingilacer 75 ml,75 ml,6.65,88.66666666666667,lacer,parafarmacia
leche infantil para lactantes 1 desde el primer dia en polvo nutriben natal pro a sin aceite de palma lata 800 g,lata 800 g,21.5,26.875,nutriben,parafarmacia
barritas de chocolate y naranja bimanan 186 g,186 g,7.19,38.655913978494624,bimanan,parafarmacia
gel limpiador espumoso cerave 473 ml,473 ml,14.59,30.845665961945034,cerave,parafarmacia
dentifrico complete protection extra fresh parodontax 75 ml,x 75,7.19,0.09586666666666667,parodontax,parafarmacia
dentifrico con fluor de uso diario complete proteccion extra fresh parodontax pack de 2 unidades de 75 ml,pack de 2 unidades de 75 ml,11.09,73.93333333333334,parodontax,parafarmacia
crema depilatoria piel sensible cuerpo y piernas pure veet 150 ml,150 ml,6.25,41.66666666666667,veet,parafarmacia
dentifrico antiplaca y anticaries de uso diario con fluor lacer 75 ml,75 ml,5.45,72.66666666666667,lacer,parafarmacia
toallitas para bebe biodegradables chicco 120 ud,120 ud,3.19,0.026583333333333334,chicco,parafarmacia
tonico perfeccionador roc 200 ml,200 ml,12.25,61.25,roc,parafarmacia
crema fijadora para protesis dental maxima fijacion y sellado sabor menta corega 40 g,40 g,11.69,292.25,corega,parafarmacia
aceite de almendras dulces con rosa mosqueta phytofarma 250 ml,250 ml,8.95,35.8,phytofarma,parafarmacia
cinta dental fibra ptfe suave con fluor sabor menta lacer 50 m,1 paquete,5.45,5.45,lacer,parafarmacia
aceite de argan ecologico arganour 50 ml,50 ml,8.85,176.99999999999997,arganour,parafarmacia
tetina fisiologicas sx pro de silicona de flujo medio 3m suavinex 2 ud,x 2 ud,9.19,4.595,suavinex,parafarmacia
balsamo reconfortante cara y cuello hidratacion profunda neutrogena 2 unidades de 300 ml,300 ml,17.09,56.96666666666667,neutrogena,parafarmacia
locion urea repair plus eucerin 1l,1l,28.4,28.4,eucerin urea repair,parafarmacia
cepillo dental interproximales plus micro 09 10 ud,10 ud,9.29,0.9289999999999999,interprox,parafarmacia
gel de ducha emoliente sin jabon piel atopica mussvital dermactive 750 ml,750 ml,13.69,18.253333333333334,mussvital,parafarmacia
locion en gel ultraligera para todo tipo de piel hydro boost neutrogena 2 unidades de 750 ml,750 ml,21.3,28.400000000000002,neutrogena,parafarmacia
crema con avena prebiotica vagisil 30 g,30 g,11.19,373.0,vagisil,parafarmacia
leche infantil para lactantes con regurgitaciones nan ar lata 800 g,lata 800 g,30.4,37.99999999999999,Desconocida,parafarmacia
spray para el cuidado de fosas nasales fuerza suave rhinomer 135 ml,135 ml,10.95,81.1111111111111,rhinomer,parafarmacia
gel intimotoallitas regalo lactacyd 400 ml,400 ml,14.39,35.975,lactacyd,parafarmacia
locion visiblemente reafirmante para todo tipo de pieles neutrogena 2 unidades de 750 ml,750 ml,21.3,28.400000000000002,neutrogena,parafarmacia
crema hidratante rica hydrance avne 40 ml,40 ml,21.2,530.0,avene,parafarmacia
colageno sabor vainilla epaplus sin gluten y sin lactosa 328 g,328 g,20.9,63.71951219512194,epaplus,parafarmacia
aceite para el cuidado de la piel bio oil 60 ml,60 ml,10.69,178.16666666666666,bio oil,parafarmacia
tinte classic 6d rubio oscuro dorado farmatint 1 ud,1 ud,10.25,10.25,farmatint,parafarmacia
emulsion dermo tensora y reductora minucell elifexir 200 ml,200 ml,15.15,75.75,elifexir,parafarmacia
emulsion sin jabon con aceite de oliva sebamed 2 unidades 750 ml,750 ml,25.6,34.13333333333333,sebamed,parafarmacia
cepillo dental interdental 11 mini interprox 14 ud,x 14 ud,12.09,0.8635714285714285,interprox,parafarmacia
cepillo de dientes fuerte lacer 1 ud,1 ud,4.89,4.89,lacer,parafarmacia
polvos para pieles sensibles e irritadas talquistina 50 g,50 g,9.69,193.79999999999998,talquistina,parafarmacia
vitamina c triple accion defensas naranja en comprimidos leotron sin gluten sin lactosa 36 ud,36 ud,17.95,0.4986111111111111,leotron,parafarmacia
stick ampollas anti friccion compeed 8 ml,8 ml,9.19,1148.75,compeed,parafarmacia
tinte classic 7n rubio farmatint 1 ud,1 ud,10.25,10.25,farmatint,parafarmacia
emulsion ligera hidratante hydrance avne 40 ml,40 ml,20.7,517.5,avene,parafarmacia
coloracion permanente sin amoniaco cabellos delicados n 70 rubio colour clinuance cleare institute 1 ud,1 ud,7.59,7.59,cleare institute,parafarmacia
spirulina  vitamina b12 sanon 200 ud,200 ud,8.89,0.04445,sanon,parafarmacia
multivitaminico y multimineral en comprimidos select 50 multicentrum sin gluten 90 ud,90 ud,23.5,0.2611111111111111,multicentrum,parafarmacia
crema hidratante facial hydrance spf30 avene 40 ml,40 ml,21.4,535.0,avene,parafarmacia
batido vainilla fuerza y vitalidad meritene sin gluten 15 sobres,15 sobres,24.1,1.6066666666666667,meritene,parafarmacia
champu suave ph5 eucerin pack 2 unidades 250 ml,pack 2 unidades,16.99,8.495,eucerin ph5,parafarmacia
crema balsamica para proteger la zona del panal sebamed 300 ml,300 ml,14.65,48.833333333333336,sebamed baby,parafarmacia
colutorio cpc protect vitis 500 ml,500 ml,11.69,23.38,vitis,parafarmacia
colutorio anticaries vitis 500 ml,500 ml,11.85,23.7,vitis,parafarmacia
crema desodorante sin pefume gisle denis 100 ml,100 ml,3.25,32.5,gisele denis,parafarmacia
aceite de almendras con aloe vera phytofarma 250 ml,250 ml,6.65,26.6,phytofarma,parafarmacia
agua termal vaporizador facial pieles sensibles o irritadas avne 150 ml,150 ml,10.79,71.93333333333334,avene,parafarmacia
melatonina phytofarma sin gluten 225 ud,225 ud,22.9,0.10177777777777777,phytofarma,parafarmacia
desodorante en roll on antitranspirante comfort perspirex 20 ml,x 20,16.25,0.8125,perspirex,parafarmacia
jarabe tos seca y productiva sabor miel formula natura tos vicks 140 ml,140 ml,12.95,92.49999999999999,vicks,parafarmacia
tinte classic 7d rubio dorado farmatint 1 ud,1 ud,10.25,10.25,farmatint,parafarmacia
multivitaminico y multimineral en comprimidos adultos multicentrum sin gluten 90 ud,90 ud,25.7,0.28555555555555556,multicentrum,parafarmacia
aceite de almendras phytofarma 500 ml,500 ml,13.75,27.5,phytofarma,parafarmacia
natillas sustitutivas sabor chocolate en sobres bimanan beslim 6 ud,6 ud,17.35,2.891666666666667,bimanan,parafarmacia
leche infantil para lactantes desde el primer dia damira natur 1 lata 800 g,lata 800 g,25.6,32.0,damira,parafarmacia
seda dental con cera y fluor lacer 50 m,1 paquete,4.69,4.69,lacer,parafarmacia
barritas de chocolate fondant bimanan 10 ud,10 ud,15.15,1.5150000000000001,bimanan,parafarmacia
cartilago de tiburon sanon 100 ud,100 ud,11.15,0.1115,sanon,parafarmacia
crema de manos ph5 eucerin pack de 2 unidades de 75 ml,pack de 2 unidades de 75 ml,11.55,77.00000000000001,eucerin ph5,parafarmacia
emulsion sin jabon pieles sensibles sebamed pack 2 unidades 750 ml,pack 2 unidades,22.4,11.2,sebamed,parafarmacia
agua micelar desmaquillante rostro y ojos sensibles avne 400 ml,400 ml,12.65,31.625,avene,parafarmacia
gel derma lactacyd 1 l,1 l,10.95,10.95,lactacyd,parafarmacia
chupete con tetina anatomica sx pro de silicona 6 18 meses suavinex 2 ud,x 2 ud,7.85,3.925,suavinex,parafarmacia
dermocapillaire champu urea eucerin 250 ml,250 ml,13.19,52.76,eucerin,parafarmacia
chupete con tetina anatomica sx pro de silicona 18 meses suavinex 2 ud,x 2 ud,7.45,3.725,suavinex,parafarmacia
gel dentifrico antiplaca y anticaries frescor prolongado con fluor lacer fresh 125 ml,125 ml,7.09,56.72,lacer,parafarmacia
cepillo de dientes ortodoncia lacer 1 ud,1 ud,4.99,4.99,lacer,parafarmacia
emulsion bano sin jabon piel sensible avena multidermol 750 ml,750 ml,13.69,18.253333333333334,multidermol,parafarmacia
gel hidratante intimo efecto calor vagisil 30 g,30 g,10.95,365.0,vagisil,parafarmacia
pomada protectora bepanthol bayer 100 g,100 g,18.49,184.89999999999998,bepanthol,parafarmacia
champu leche de avena klorane 400 ml,400 ml,15.39,38.475,klorane,parafarmacia
leche infantil desde 1 dia en polvo nutriben sin lactosa 1 sin aceite de palma lata 400 g,lata 400 g,16.39,40.975,nutriben,parafarmacia
gel stick de arnica y arpagofito arnidol 15 ml,15 ml,9.15,610.0,arnidol,parafarmacia
locion atopicontrol eucerin 400 ml,400 ml,21.6,54.0,eucerin atopicontrol,parafarmacia
balsamo tigre balm 19 g,19 g,10.65,560.5263157894738,dietisa,parafarmacia
dermojabon azufre antiseborreico grisi 100 g,100 g,3.99,39.9,grisi,parafarmacia
crema reparadora intensiva skin food original weleda 75 ml,75 ml,13.85,184.66666666666666,weleda,parafarmacia
crema facial de noche intensiva reestructurante eau thermale avne 40 ml,40 ml,41.6,1040.0,avene,parafarmacia
pilexil anticaida fortemax 90 ud,x 90 ud,63.0,0.7,pilexil,parafarmacia
agua micelar dermatoclean eucerin 400 ml,400 ml,13.95,34.87499999999999,eucerin dermatoclean,parafarmacia
contorno de ojos retinol correxion line smoothing advanced retinol roc 15 ml,15 ml,21.6,1440.0000000000002,roc,parafarmacia
crema nutritiva revitalizante avene 50 ml,50 ml,26.4,527.9999999999999,avene,parafarmacia
papilla infantil desde 5 meses 8 cereales y platano blevit sin azucar anadido 250 g,250 g,6.75,27.0,blevit,parafarmacia
agua termal avne 50 ml,50 ml,5.55,110.99999999999999,avene,parafarmacia
almohadilla de gel para la terapia del frio y del calor farmamed 1 ud,1 ud,6.09,6.09,farmamed,parafarmacia
gel limpiador facial dermatoclean eucerin 200 ml,200 ml,14.35,71.75,eucerin dermatoclean,parafarmacia
dermojabon neutro hipoalergico grisi 100 g,100 g,3.99,39.9,grisi,parafarmacia
colutorio ortodoncia lima fresca ortolacer 1000 ml,1000 ml,18.59,18.59,ortolacer,parafarmacia
serum antiedad reafirmante retinol boost neutrogena 30 ml,30 ml,33.3,1110.0,neutrogena,parafarmacia
acondicionador anticaida pilexil 200 ml,200 ml,18.79,93.94999999999999,pilexil,parafarmacia
biberon anticolicos 2 meses tetina inclinada de silicona naturalfeeling chicco 250 ml,250 ml,7.09,28.36,chicco,parafarmacia
tinte classic 8n rubio claro farmatint 1 ud,1 ud,10.25,10.25,farmatint,parafarmacia
serum retinol anti marcas cerave 30 ml,30 ml,20.4,680.0,cerave,parafarmacia
cepillo de dientes blanqueador lacer blanc 1 ud,1 ud,4.99,4.99,lacer,parafarmacia
crema facial reafirmante anti flacidez firm  lift multi correxion roc 50 ml,50 ml,37.4,747.9999999999999,roc,parafarmacia
champu fortaleza anticaida cleare institute 400 ml,400 ml,13.05,32.625,cleare institute,parafarmacia
spirulina  vitamina b12 en comprimidos phytofarma 300 ud,300 ud,14.85,0.049499999999999995,phytofarma,parafarmacia
colageno  magnesio en comprimidos aquilea 240 ud,240 ud,14.39,0.059958333333333336,aquilea,parafarmacia
crema de noche hyaluron activ b3 avne 40 ml,40 ml,35.9,897.5,avene,parafarmacia
gel puro de aloe vera grisi 250 ml,250 ml,14.29,57.16,grisi,parafarmacia
parches termicos terapeuticos para dolor de cuello hombros y munecas thermacare 6 ud,6 ud,18.05,3.0083333333333333,thermacare,parafarmacia
contorno de ojos calmante avne 10 ml,10 ml,17.85,1785.0,avene,parafarmacia
gel control imperfecciones cerave 40 ml,40 ml,17.05,426.25,cerave,parafarmacia
contorno de ojos hyaluron activ b3 eau thermale avne 15 ml,15 ml,32.8,2186.6666666666665,avene,parafarmacia
colutorio ortodoncia lima fresca ortolacer 500 ml,500 ml,10.05,20.1,lacer,parafarmacia
crema de noche hidratante hydro boost neutrogena 50 ml,50 ml,21.7,433.99999999999994,hydroboost neutrogena,parafarmacia
champu anticaspa caspa seca pilexil 300 ml,300 ml,12.55,41.833333333333336,pilexil,parafarmacia
biberon de cristal anticolicos 0 meses tetina inclinada de silicona naturalfeeling chicco 250 ml,250 ml,14.99,59.96,chicco,parafarmacia
gel limpiador facial al agua hidro boost neutrogena pack de 2 unidades de 200 ml,pack de 2 unidades de 200 ml,19.49,48.724999999999994,neutrogena,parafarmacia
crema anti estrias trofolastin 250 ml,250 ml,25.8,103.2,trofolastin,parafarmacia
crema de noche antiedad elasticity  filler eucerin 50 ml,50 ml,39.9,797.9999999999999,eucerin elaxticity filler,parafarmacia
champu y gel arbol de te saluvital 300 ml,300 ml,8.69,28.966666666666665,saluvital,parafarmacia
crema de dia antiedad elasticity  filler eucerin 50 ml,50 ml,39.9,797.9999999999999,eucerin elaxticity filler,parafarmacia
aceite de rosa de mosqueta phytofarma 30 ml,30 ml,15.95,531.6666666666666,phytofarma,parafarmacia
lendrera deteccion de piojos paranix 1 ud,x 1 ud,9.15,9.15,paranix,parafarmacia
locion complete repair para piel seca eucerin 400 ml,400 ml,16.89,42.225,eucerin urea repair,parafarmacia
meritene fuerza y vitalidad fresa sin gluten pack de 15 unidades de 30 g,pack de 15 unidades de 30 g,23.6,52.44444444444444,meritene,parafarmacia
leche infantil para lactantes en polvo blemil plus ae lata 800 g,lata 800 g,29.8,37.25,blemil,parafarmacia
crema facial elasticity eucerin 50 ml,50 ml,43.4,867.9999999999999,eucerin elaxticity filler,parafarmacia
jarabe tos family aquilea sin gluten y sin lactosa 150 ml,150 ml,13.75,91.66666666666667,aquilea,parafarmacia
serum hyaluron activ b3 avne 30 ml,30 ml,39.2,1306.6666666666667,avene,parafarmacia
crema de dia antiedad hyalluron filler spf30 eucerin 50 ml,50 ml,39.6,792.0,eucerin hyaluron filler,parafarmacia
tonico facial dermatoclean eucerin 200 ml,200 ml,13.85,69.25,eucerin dermatoclean,parafarmacia
crema de manos y unas neutrogena 75 ml,75 ml,8.25,110.0,neutrogena,parafarmacia
contorno de ojos rellenador de arrugas hyaluron filler eucerin 1 ud,1 ud,26.3,26.3,eucerin hyaluron filler,parafarmacia
crema facial para piel seca rellenador de arrugas hyaluron filler para el dia con fp15 eucerin 50 ml,50 ml,37.2,744.0,eucerin hyaluron filler,parafarmacia
crema para las bolsas y ojeras remescar 8 ml,8 ml,35.6,4450.0,remescar,parafarmacia
espuma limpiadora piel mixta avne 150 ml,150 ml,20.5,136.66666666666669,avene,parafarmacia
crema forte facial atopicontrol eucerin 50 ml,50 ml,14.35,287.0,eucerin atopicontrol,parafarmacia
limpiador facial 2 acido salicilico neutrogena 200 ml,200 ml,16.69,83.45,neutrogena,parafarmacia
crema pieles sensibles e irritadas piel en calma talquistina 100 ml,100 ml,16.79,167.89999999999998,talquistina,parafarmacia
ampollas anticaida pilexil 15 ud,15 ud,43.9,2.9266666666666667,pilexil,parafarmacia
contorno de ojos tratamiento anti edad xhekpon 15 ml,15 ml,22.3,1486.6666666666667,xhekpon,parafarmacia
complemento alimenticio para el cabello y las unas en capsulas pilexil capsulas 150 ud,150 ud,39.2,0.26133333333333336,pilexil,parafarmacia
serum antimanchas eucerin 30 ml,30 ml,43.7,1456.6666666666667,eucerin,parafarmacia
crema anti estrias trofolastin 400 ml,400 ml,35.0,87.5,trofolastin,parafarmacia
complemento alimenticio en capsulas de memory study 30 ud,30 ud,18.05,0.6016666666666667,dememory,parafarmacia
crema facial rellenador de arrugas hyaluron filler para la noche eucerin 50 ml,50 ml,37.2,744.0,eucerin hyaluron filler,parafarmacia
locion talquistina 200 ml,200 ml,16.05,80.25,talquistina,parafarmacia
gafa presbicia cuadrada circular 200 colores varios 1 ud,1 ud,15.35,15.35,circular,parafarmacia
gafa presbicia cuadrada circular 150 colores varios 1 ud,1 ud,15.35,15.35,circular,parafarmacia
crema volume filler dia piel noche eucerin 50 ml,50 ml,38.5,770.0,eucerin hyaluron filler,parafarmacia
crema de manos working hands okeeffes 96 g,96 g,11.59,120.72916666666666,okeeffes,parafarmacia
bolsa reutilizable caliente y frio nescare 1 ud,1 ud,11.09,11.09,nexcare,parafarmacia
champu uso frecuente pilexil 300 ml,300 ml,10.75,35.833333333333336,pilexil,parafarmacia
crema reafirmante post parto trofolastin 200 ml,200 ml,27.8,139.0,carreras,parafarmacia
crema aquaporin active para piel seca eucerin 50 ml,50 ml,22.0,440.0,eucerin acuporin active,parafarmacia
crema volume filler dia piel normal mixta eucerin 50 ml,50 ml,38.5,770.0,eucerin volumen filler,parafarmacia
crema de pies absorcion inmediata para pieles secas neutrogena 100 ml,100 ml,10.89,108.9,neutrogena,parafarmacia
leche limpiadora facial suavizante avne 200 ml,200 ml,20.5,102.5,avene,parafarmacia
vitaminas vitalidad con jalea real y coenzima q10 en comprimidos leotron sin gluten sin lactosa 30 ud,30 ud,13.19,0.43966666666666665,leotron,parafarmacia
tonico capilar azul ronquina kesmar 1 l,1 l,8.69,8.69,the beemine,parafarmacia
crema renovadora de pies cerave 88 ml,88 ml,10.65,121.02272727272728,cerave,parafarmacia
champu dermoprotector para cueros cabelludos sensibles ecologico dr tree 400 ml,400 ml,14.35,35.875,drtree,parafarmacia
apositos callos entre dedos compeed 10 ud,10 ud,6.15,0.615,compeed,parafarmacia
repelente anti mosquitos zz 100 ml,100 ml,9.49,94.89999999999999,zz,parafarmacia
crema facial hidratante spf30 con acido hialuronico hydrate  plump multi correxion roc 50 ml,50 ml,31.8,636.0,roc,parafarmacia
crema facial calma la piel atopica malva blanca weleda baby derma 50 ml,50 ml,10.79,215.79999999999998,weleda,parafarmacia
leche infantil de crecimiento desde 1 ano a base de proteina de soja velactin sin lactosa 800 g,800 g,16.15,20.187499999999996,velactin,parafarmacia
aceite corporal natural tratamiento de estrias cicatrices y manchas bio oil 60 ml,60 ml,15.05,250.83333333333334,bio oil,parafarmacia
gafa presbicia rectangular circular 150 colores varios 1 ud,1 ud,15.35,15.35,circular,parafarmacia
drenaje reductor ultra bimanan 500 ml,500 ml,22.3,44.6,bimanan,parafarmacia
balsamo calmante tolerance control avne 40 ml,40 ml,23.3,582.5,avene,parafarmacia
champu pulpa de cidra klorane 400 ml,400 ml,16.15,40.37499999999999,klorane,parafarmacia
champu mango klorane 400 ml,400 ml,17.49,43.724999999999994,klorane,parafarmacia
desmaquillante de ojos dermatoclean eucerin 125 ml,125 ml,12.95,103.6,eucerin dermatoclean,parafarmacia
crema volume filler dia piel seca eucerin 50 ml,50 ml,38.5,770.0,eucerin volumen filler,parafarmacia
parches termicos terapeuticos thermacare 2 ud,2 ud,11.15,5.575,thermacare,parafarmacia
crema aquaporin active para piel normal y mixta 50 ml eucerin 1 ud,50 ml,22.0,440.0,eucerin aquaporin active,parafarmacia
crema antiedad hidratante y reafirmante retinol boost neutrogena 50 ml,50 ml,31.5,630.0,neutrogena,parafarmacia
cleanance solar spf50 avne 50 ml,50 ml,20.8,416.0,avene,parafarmacia
crema q10 active antiarrugas piel seca eucerin 50 ml,50 ml,27.9,557.9999999999999,eucerin q10,parafarmacia
gafa presbicia rectangular circular 300 colores varios 1 ud,1 ud,15.35,15.35,circular,parafarmacia
crema facial hidratante spf15 calidad farmaceutica 50 ml,50 ml,11.59,231.79999999999998,calidad farmaceutica,parafarmacia
parches topicos efecto forte alivium cbd 6 ud,6 ud,11.15,1.8583333333333334,the beemine,parafarmacia
crema facial antimanchas eucerin 50 ml,50 ml,36.4,727.9999999999999,eucerin,parafarmacia
locion que elimina piojos y liendres fullmarks 100 ml,100 ml,22.4,223.99999999999997,fullmarks,parafarmacia
aceite para la celulitis de abedul weleda 100 ml,100 ml,23.7,236.99999999999997,weleda,parafarmacia
champu matizador violeta cleare institute 400 ml,400 ml,12.85,32.125,cleare institute,parafarmacia
contorno de ojos elasticity eucerin 15 ml,15 ml,28.5,1900.0,eucerin elaxticity filler,parafarmacia
tratamiento para hongos fortalecedor de unas nailner 5 ml,5 ml,23.3,4660.0,Desconocida,parafarmacia
gafa presbicia redonda circular 250 colores varios 1 ud,1 ud,15.35,15.35,circular,parafarmacia
gafa presbicia cuadrada circular 350 colores varios 1 ud,1 ud,15.35,15.35,circular,parafarmacia
gafa presbicia ojo gato circular 250 colores varios 1 ud,1 ud,15.35,15.35,circular,parafarmacia
locion en gel ultraligera para todo tipo de piel hydro boost neutrogena 400 ml,400 ml,9.9,24.75,neutrogena,parafarmacia
crema de noche bright boost neutrogena 50 ml,50 ml,23.8,476.0,neutrogena,parafarmacia
champu regenerador y antirrotura al cupuacu klorane 400 ml,400 ml,17.49,43.724999999999994,klorane,parafarmacia
serum triple efecto para el acne dermopure oil control eucerin 40 ml,40 ml,20.8,520.0,eucerin dermopure,parafarmacia
crema de manos rapida absorcion neutrogena 150 ml,150 ml,13.15,87.66666666666667,neutrogena,parafarmacia
kit blanqueamiento dental white flash lacer blanc 1 ud,1 ud,39.8,39.8,lacer,parafarmacia
gafa presbicia cuadrada circular 100 colores varios 1 ud,1 ud,15.35,15.35,circular,parafarmacia
acondicionador con mango klorane 200 ml,200 ml,16.15,80.74999999999999,klorane,parafarmacia
gafa presbicia redonda circular 200 colores varios 1 ud,1 ud,15.35,15.35,circular,parafarmacia
crema q10 active noche eucerin 50 ml,50 ml,27.9,557.9999999999999,eucerin q10,parafarmacia
crema contorno de ojos antiedad retinol boost neutrogena 15 ml,15 ml,25.5,1700.0,neutrogena,parafarmacia
crema facial c vit sesderma 50 ml,50 ml,35.4,707.9999999999999,c vit sesderma,parafarmacia
extractor de leche electrico simple medela 1 ud,1 ud,135.0,135.0,medela,parafarmacia
agua micelar cleanance avene 400 ml,400 ml,19.05,47.625,avene,parafarmacia
gafa presbicia ojo gato circular 200 colores varios 1 ud,1 ud,15.35,15.35,circular,parafarmacia
prevencion resaca party smart himalaya 250 mg,1 paquete,2.15,2.15,himalaya,parafarmacia
crema gel bright boost neutrogena 50 ml,50 ml,23.2,463.99999999999994,neutrogena,parafarmacia
complemento alimenticio piernas ligeras aquilea 60 comprimidos,60 comprimidos,23.5,0.39166666666666666,aquilea,parafarmacia
desmaquillante suavidad ojos avene 125 ml,125 ml,17.59,140.72,avene,parafarmacia
emulsion roll on cbd forte fisionatur 75 ml,75 ml,17.39,231.86666666666667,forte,parafarmacia
agua micelar triple accion hydro boost neutrogena pack de 2 unidades de 400 ml,pack de 2 unidades de 400 ml,21.2,26.499999999999996,neutrogena,parafarmacia
gafa presbicia ojo gato circular 150 colores varios 1 ud,1 ud,15.35,15.35,circular,parafarmacia
champu granada klorane 400 ml,400 ml,16.49,41.224999999999994,klorane,parafarmacia
dermojabon leche de burra grisi 100 g,100 g,3.99,39.9,grisi,parafarmacia
champu menta klorane 400 ml,400 ml,16.35,40.875,klorane,parafarmacia
crema de manos elasticidad intensa spf20 neutrogena 75 ml,75 ml,10.75,143.33333333333334,neutrogena,parafarmacia
gafa presbicia ojo gato circular 100 colores varios 1 ud,1 ud,15.35,15.35,circular,parafarmacia
parches de hidrogel medela 4 ud,4 ud,15.65,3.9125,medela,parafarmacia
crema facial para piel normal y mixta rellenador de arrugas hyaluron filler para el dia con fp15 eucerin 50 ml,50 ml,37.2,744.0,eucerin hyaluron filler,parafarmacia
gafa presbicia redonda circular 100 colores varios 1 ud,1 ud,15.35,15.35,circular,parafarmacia
serum liposomado c vit sesderma 30 ml,30 ml,35.6,1186.6666666666667,c vit sesderma,parafarmacia
champu leche de almendras klorane 400 ml,400 ml,16.25,40.625,klorane,parafarmacia
champu complemento anticaida anaphase ducray 200 ml,200 ml,16.15,80.74999999999999,ducray,parafarmacia
balsamo relipidizante xeracalm ad avne 400 ml,400 ml,25.9,64.74999999999999,avene,parafarmacia
complemento alimenticio para el control de peso xls medical 180 ud,180 ud,46.3,0.2572222222222222,xls medical,parafarmacia
serum liposomado c vit 5 sesderma 30 ml,30 ml,45.2,1506.6666666666667,c vit sesderma,parafarmacia
spray elimina piojos y liendres fullmarks 150 ml,150 ml,30.9,206.0,fullmarks,parafarmacia
balsamo facial reconstituyente con acido hialuronico hidratante para piel seca hydro boost neutrogena 50 ml,50 ml,19.95,398.99999999999994,hidroboost neutrogena,parafarmacia
serum iluminador bright boost neutrogena 30 ml,30 ml,25.4,846.6666666666666,neutrogena,parafarmacia
kneipp gummies preparador solar sin gluten y sin lactosa 60 ud,60 ud,18.99,0.31649999999999995,kneipp,parafarmacia
concentrado calmante xeracalm ad avene 50 ml,50 ml,16.79,335.79999999999995,avene,parafarmacia
balsamo menstrual en stick alivium cbd femme 15 ml,15 ml,11.15,743.3333333333334,the beemine,parafarmacia
gel hidratante fluido spf 30 bright boost neutrogena 50 ml,50 ml,22.9,457.99999999999994,neutrogena,parafarmacia
reductor natural  para piel sensible 7 noches somatoline 400 ml,400 ml,45.5,113.75,somatoline,parafarmacia
tiras adhesivas efecto acolchado maxima proteccion carrefour soft 10 ud,10 ud,0.66,0.066,carrefour,parafarmacia
cepillo interdental 12 mm soft carrefour 5 ud,5 ud,1.41,0.282,carrefour soft,parafarmacia
alcohol de romero carrefour soft 250 ml,250 ml,1.99,7.96,carrefour,parafarmacia
leche infantil para lactantes desde el primer dia en polvo nutriben innova toprotein 1 sin aceite de palma lata 800 g,lata 800 g,29.6,37.0,nutriben,parafarmacia
crema fijadora para protesis extrafuerte sabor menta corega 70 g,70 g,15.99,228.42857142857142,corega,parafarmacia
polvos desodorantes para pies devor olor 100 g,100 g,5.89,58.89999999999999,devor olor,parafarmacia
aposito aqua resist tira para cortar 100 x 6 cm salvelox 12 ud,100 x 6,3.85,0.6416666666666667,salvelox med,parafarmacia
leche de formula anti regurgitacion a partir del primer dia en polvo almiron advance ar 1 lata 800 g,lata 800 g,29.6,37.0,almiron,parafarmacia
cepillo interdental super micro interprox 6 ud,x 6 ud,6.35,1.0583333333333333,interprox,parafarmacia
crema hidratante corporal cerave 340 g,340 g,13.85,40.73529411764706,cerave,parafarmacia
limpiadora crema espuma hidratante cerave 236 ml,236 ml,13.99,59.279661016949156,cerave,parafarmacia
crema fijadora para protesis dentales accion total corega 70 g,70 g,15.55,222.14285714285714,corega,parafarmacia
protector labial formula noruega spf 20 neutrogena pack de 2 unidades de 48 g,pack de 2 unidades de 48 g,7.75,80.72916666666667,neutrogena,parafarmacia
tratamiento del sueno melatonina forte pharma 30 comprimidos,30 comprimidos,13.49,0.44966666666666666,forte pharma,parafarmacia
leche infantil desde 12 meses enfamil 3 premium 800 gr,800 gr,22.3,27.875,enfamil,parafarmacia
dentifrico ortodoncia lima fresca ortolacer 125 ml,125 ml,8.39,67.12,ortolacer,parafarmacia
colutorio gingival cariax 500 ml,x 500,10.39,0.02078,cariax,parafarmacia
champu anticaspa eucerin 250 ml,250 ml,13.19,52.76,eucerin,parafarmacia
protector absorbente sabanindas extra 60x60cm 20 ud,60x60,10.75,0.17916666666666667,sabanindas,parafarmacia
champu y gel calendula ecologico weleda baby 200 ml,200 ml,10.45,52.24999999999999,weleda,parafarmacia
mascarilla quirurgica desechable tipo iir infantiles soft carrefour pack de 10 ud,pack de 10 ud,0.99,0.099,carrefour soft,parafarmacia
leche infantil para lactantes en polvo nestle nan optipro 1 lata 800 g,lata 800 g,23.8,29.75,Desconocida,parafarmacia
cepillo dental cabezal pequeno medio vitis 1 ud,1 ud,8.09,8.09,vitis,parafarmacia
jalea defensas en sticks liquidos pronutri sin gluten y sin azucar anadido 12 ud,12 ud,4.95,0.41250000000000003,pronutri,parafarmacia
dentifrico proteccion bucodental integral de dientes y encias triple accion lacer oros pack de 2 unidades de 125 ml,pack de 2 unidades de 125 ml,10.45,41.8,lacer,parafarmacia
apositos ampollas carrefour soft 6 ud,6 ud,6.69,1.115,carrefour soft,parafarmacia
apositos gasa algodon 20x20 cm loto caja 20 ud,20x20,1.34,0.067,loto,parafarmacia
tabletas limpiadoras protesis 3 en 1 senti2 30 ud,30 ud,2.75,0.09166666666666666,senti 2,parafarmacia
dentifrico proteccion anticaries protege encias con fluor y calcio sabor fresa para ninos 6 anos junior lacer 75 ml,75 ml,4.99,66.53333333333335,lacer,parafarmacia
caja loto de apositos gasa 20 uds,20 uds,3.99,0.1995,loto,parafarmacia
braguitas desechables unitalla indasec pospart 4 ud,4 ud,5.09,1.2725,indasec,parafarmacia
cepillo dental medio vitis 1 ud,1 ud,5.15,5.15,vitis,parafarmacia
colageno con magnesio en comprimidos ana maria lajusticia sin gluten 180 ud,180 ud,8.55,0.0475,ana maria lajusticia,parafarmacia
leche infantil de continuacion desde 6 meses en polvo almiron advance 2 sin aceite de palma lata 800 g,lata 800 g,23.4,29.249999999999996,almiron,parafarmacia
leche infantil de continuacion desde 6 meses en polvo almiron profutura 2 duobiotik sin aceite de palma lata 800 g,lata 800 g,26.5,33.125,almiron,parafarmacia
champu anticaida pilexil 300 ml,300 ml,14.05,46.833333333333336,pilexil,parafarmacia
leche infantil para lactantes desde el primer dia en polvo almiron advance 1 sin aceite de palma lata 800 g,lata 800 g,24.0,30.0,almiron,parafarmacia
solucion para lentillas soft carrefour 100 ml,100 ml,3.55,35.49999999999999,carrefour soft,parafarmacia
crema adhesiva protesis dental senti2 40 g,40 g,3.85,96.25,senti 2,parafarmacia
solucion unica con antideposito de proteinas para lentes de contacto blandas novalens 500 ml,500 ml,6.09,12.18,novalens,parafarmacia
repelente de insectos forte carrefour exprert 100 ml ,100 ml,2.75,27.5,carrefour expert,parafarmacia
gel champu my carrefour baby 750 ml,750 ml,3.59,4.786666666666666,carrefour baby,parafarmacia
cepillo de dientes extra suave lacer 1 ud,1 ud,4.99,4.99,lacer,parafarmacia
cepillo de dientes encias delicadas cabezal pequeno maxima precision gingilacer 1 ud,1 ud,4.99,4.99,lacer,parafarmacia
cepillo de dientes suave lacer 1 ud dentifrico 5 ml,5 ml,4.89,977.9999999999999,lacer,parafarmacia
complemento vitamina c zinc en comprimidos efervescentes aquilea 14 comprimidos,14 comprimidos,11.39,0.8135714285714286,aquilea,parafarmacia
crema hidratante para pieles sensibles con picor talquistina 400 ml,400 ml,21.1,52.75,talquistina,parafarmacia
champu de cebolla nuggelasule 250 ml,250 ml,18.25,73.0,nuggela and sule,parafarmacia
lechcorpbabsebamed 750ml,750ml,19.55,26.066666666666666,sebamed baby,parafarmacia
apositos sensitive con aloe vera salvelox 20 ud,x 20 ud,2.89,0.14450000000000002,salvelox,parafarmacia
crema para pieles sensibles e irritadas talquistina 50 g,50 g,9.89,197.8,talquistina,parafarmacia
apositos ampollas medianas compeed 2 ud,2 ud,4.55,2.275,compeed,parafarmacia
cera protectora para ortodoncia vitis 1 ud,1 ud,9.35,9.35,vitis,parafarmacia
champu anticaspa caspa grasa pilexil 300 ml,300 ml,12.55,41.833333333333336,pilexil,parafarmacia
sueno aquilea 30 comprimidos,30 comprimidos,12.15,0.405,aquilea,parafarmacia
crema de manos concentrada 50 ml  labial spf 20 1 ud formula noruega neutrogena ,50 ml,9.75,195.0,neutrogena,parafarmacia
apositos ampollas pequenas compeed 6 ud,6 ud,8.29,1.3816666666666666,compeed,parafarmacia
crema de manos atopi control para piel seca pack 2 unidades de 75 ml,pack 2 unidades de 75 ml,11.09,5.545,eucerin atopicontrol,parafarmacia
complemento alimenticio con triptofano triptomax sin gluten sin lactosa 30 comprimidos,30 comprimidos,15.79,0.5263333333333333,triptomax,parafarmacia
complemento sueno forte en comprimidos aquilea 30 ud,30 ud,15.79,0.5263333333333333,aquilea,parafarmacia
crema volume filler contorno ojos eucerin 15 ml,15 ml,26.3,1753.3333333333335,eucerin hyaluron filler,parafarmacia
vitaminas para la memoria memorex forte pharma   energy 56 comprimidos,56 comprimidos,16.79,0.29982142857142857,energy,parafarmacia
oleogel de ducha ph5 para pieles sensibles y secas eucerin 400 ml,400 ml,15.69,39.224999999999994,eucerin ph5,parafarmacia
crema anticelulitica con activos reductores thiomucase 1 ud,1 ud,33.5,33.5,thiomucase,parafarmacia
acondicionador avena klorane 200 ml,200 ml,15.99,79.95,klorane,parafarmacia
acondicionador a la quinina para cabello estresado y debilitado ecologico klorane 200 ml,200 ml,17.45,87.24999999999999,klorane,parafarmacia
crema gel revitalizante c vit sesderma 50 ml,50 ml,31.6,632.0,sesderma,parafarmacia
mascarilla reparadora 3 en 1 al cupuacu ecologico klorane 150 ml,150 ml,28.2,188.0,klorane,parafarmacia
dentifrico con fluor infantil 0 6 anos elmex 50 ml,x 50,5.05,0.10099999999999999,elmex,parafarmacia
mascarilla nutritiva al mango cuida el cabello seco y danado klorane 150 ml,150 ml,28.2,188.0,klorane,parafarmacia
colirio para ojos secos hidrata y lubrica optrex 10 ml,x 10,12.75,1.275,optrex,parafarmacia
accion inmediata germinal 5 ud  acido hialuronico germinal 5 ud,5 ud,13.09,2.618,germinal,parafarmacia
crema de manos y unas no grasa neutrogena pack 2 unidades de 75 ml,pack 2 unidades de 75 ml,9.9,4.95,neutrogena,parafarmacia
crema solar spf50 fusion water magic medium isdin 50 ml,50 ml,24.25,485.0,isdin,parafarmacia
crema solar spf50 fusion water magic light isdin 50 ml,50 ml,24.1,482.0,isdin,parafarmacia
crema solar spf50 fusion water magic indin 50 ml,50 ml,28.0,560.0,isdin,parafarmacia
solucion unica pharmaset 60 ml,60 ml,2.99,49.833333333333336,pharmaset,parafarmacia
cepillo interdental super micro interprox 6 ud,x 6 ud,6.45,1.075,interprox,parafarmacia
gel dermatologico ph 55 con colageno y lipo proteinas inibsa pack de 2 unidades de 1 l,pack de 2 unidades de 1 l,8.25,4.125,inibsa,parafarmacia
pack de 30 discos de lactancia indas,1 paquete,3.85,3.85,maternity,parafarmacia
cepillo interdental conico interprox 6 ud,x 6 ud,6.45,1.075,interprox,parafarmacia
compresas tocologicas especificas para el parto 100 algodon primeros dias indasec postpart 12 ud,12 ud,7.35,0.6124999999999999,indasec,parafarmacia
colutorio encias vitis 500 ml,500 ml,12.29,24.58,vitis,parafarmacia
dentifrico plus fluor desensin pack de 2 unidades de 125 g,pack de 2 unidades de 125 g,13.49,53.96,desensin,parafarmacia
leche de formula anti colico y anti estrenimiento a partir del primer dia en polvo almiron advance digest 1 lata 800 g,lata 800 g,32.3,40.37499999999999,almiron,parafarmacia
complemento alimenticio sabor chocolate ensure nutrivigor 850 g,850 g,34.0,40.0,ensure,parafarmacia
leche infantil de continuacion desde 6 meses en polvo almiron advance 2 sin aceite de palma 1200 g,1200 g,29.5,24.583333333333336,almiron,parafarmacia
cepillo dental suace access vitis 2 ud,2 ud,8.09,4.045,vitis,parafarmacia
dentifrico de uso diario formula de accion blanqueadora con fluor sin alcohol sabor citrus lacer blanc 125 ml,125 ml,9.59,76.72,lacer,parafarmacia
dentifrico herbal fresh parodontax pack de 2 unidades de 75 ml,pack de 2 unidades de 75 ml,9.75,65.0,parodontax,parafarmacia
cepillo interdental nano interprox 6 ud,x 6 ud,6.45,1.075,interprox,parafarmacia
apositos callos tecnologia hidrocoloide carrefour soft 8 ud,8 ud,2.25,0.28125,carrefour soft,parafarmacia
propolis con miel zinc y vit c sabor limon y miel en pastillas blandas juanola sin gluten 24 ud,24 ud,6.65,0.27708333333333335,juanola,parafarmacia
enjuague bucal antiseptico oraldine 200 ml,200 ml,5.05,25.249999999999996,oraldine,parafarmacia
colageno con magnesio en comprimidos ana maria la justicia sin gluten 450 ud,450 ud,19.85,0.044111111111111115,ana maria lajusticia,parafarmacia
dentifrico encias vitis 100 ml,100 ml,7.89,78.89999999999999,vitis,parafarmacia
leche infantil de continuacion desde 6 meses blemil plus 2 lata 1200 g,lata 1200 g,29.7,24.75,blemil,parafarmacia
preparado lacteo de crecimiento desde 12 meses blemil plus 3 lata 1200 g,lata 1200 g,24.7,20.583333333333332,blemil,parafarmacia
colonia infantil suavinex 100 ml,x 100,13.79,0.1379,suavinex,parafarmacia
leche corporal hidratante con aguacate hydra bebe mustela 500 ml,500 ml,14.15,28.3,mustela,parafarmacia
gel de ducha neutro hidratante sanex 600 ml,x 600,3.55,0.005916666666666666,sanex,perfumeriaehigiene
dentifrico anticaries y frescor a menta triple action colgate 75 ml,75 ml,1.46,19.46666666666667,colgate triple accion,perfumeriaehigiene
dentifrico blanqueadora max white one colgate 75 ml,75 ml,2.65,35.333333333333336,colgate max,perfumeriaehigiene
dentifrico prevencion activa original colgate total 75 ml,75 ml,2.89,38.53333333333334,colgate total,perfumeriaehigiene
dentifrico anticaries y frescor a menta triple action colgate pack de 2 unidades de 75 ml,pack de 2 unidades de 75 ml,2.89,19.26666666666667,colgate triple accion,perfumeriaehigiene
discos desmaq oval crf 80 uds,80 uds,1.13,0.014124999999999999,carrefour,perfumeriaehigiene
compresas ultra con alas noche carrefour 10 ud,10 ud,1.15,0.11499999999999999,carrefour,perfumeriaehigiene
jabon de manos algodon soft carrefour 500 ml,500 ml,0.99,1.98,carrefour soft,perfumeriaehigiene
discos desmaquillantes doble cara carrefour 110 ud,110 ud,1.19,0.010818181818181817,carrefour,perfumeriaehigiene
desodorante roll on antitranspirante original dove 50 ml,50 ml,2.49,49.800000000000004,dove,perfumeriaehigiene
compresas normal con alas liberty evax 12 ud,x 12 ud,3.39,0.28250000000000003,evax liberty,perfumeriaehigiene
gel de ducha hidratante limpieza delicada para una piel suave dove 720 ml,720 ml,3.95,5.486111111111112,dove,perfumeriaehigiene
dentifrico proteccion profesional pro expert oral b 75 ml,75 ml,2.95,39.333333333333336,oral b pro expert,perfumeriaehigiene
enjuague bucal fresh 0 alcohol carrefour soft 500 ml,500 ml,1.35,2.7,carrefour soft,perfumeriaehigiene
protegeslip maxi evax 40 ud,x 40 ud,3.19,0.07975,evax,perfumeriaehigiene
protegeslip normal evax 50 ud,x 50 ud,2.95,0.059000000000000004,evax cottonlike,perfumeriaehigiene
dentifrico proteccion caries maximum caries protection colgate 50 ml,50 ml,1.84,36.8,colgate,perfumeriaehigiene
gel de ducha classic original magno 600 ml,600 ml,3.65,6.083333333333333,magno,perfumeriaehigiene
gel de ducha hidratante avena carrefour 500 ml,500 ml,1.6,3.2,carrefour,perfumeriaehigiene
compresas super con alas liberty evax 10 ud,x 10 ud,3.39,0.339,evax liberty,perfumeriaehigiene
maquinillas desechables para hombre 2 hojas 10 ud,2 hojas,1.1,0.55,simpl,perfumeriaehigiene
gel de ducha original moussel 650 ml,650 ml,4.05,6.23076923076923,moussel,perfumeriaehigiene
gel de ducha leche y miel carrefour 750 ml ,750 ml,1.6,2.1333333333333333,carrefour,perfumeriaehigiene
jabon de manos aloe vera soft carrefour 500 ml,500 ml,1.58,3.16,carrefour soft,perfumeriaehigiene
dentifrico sensibilidad y blanqueamiento pro expert oral b 75 ml,75 ml,3.55,47.333333333333336,oral b pro expert,perfumeriaehigiene
compresas normal fina y segura evax 16 ud,x 16 ud,1.99,0.124375,evax fina y segura,perfumeriaehigiene
champu anticaspa classic hs 625 ml,625 ml,7.75,12.4,hs,perfumeriaehigiene
gel de afeitado pieles sensibles gillette 200 ml,200 ml,3.25,16.25,gillette,perfumeriaehigiene
gel de ducha vainilla carrefour 750 ml,750 ml,1.6,2.1333333333333333,carrefour,perfumeriaehigiene
mascarilla capilar 72h de hidratacion intensiva hidra hialuronico elvive loreal paris 300 ml,300 ml,4.39,14.633333333333333,elvive,perfumeriaehigiene
gel de ducha hidratante natural honey 650 ml,650 ml,2.15,3.3076923076923075,natural honey,perfumeriaehigiene
desodorante en spray marine axe pack de 2 unidades de 150 ml,pack de 2 unidades de 150 ml,6.95,23.166666666666668,axe,perfumeriaehigiene
dentifrico blanqueadora con cristales blancos maxwhite colgate 75 ml,75 ml,2.95,39.333333333333336,colgate,perfumeriaehigiene
desodorante body spray energy proteccion 48h perfume amaderado carrefour men 150 ml,150 ml,1.27,8.466666666666667,carrefour,perfumeriaehigiene
dentifrico frescor con agua de menta carrefour soft bio 75 ml,75 ml,2.75,36.66666666666667,carrefour,perfumeriaehigiene
gel de bano clasico suave simpl choice 1 l,1 l,1.47,1.47,simpl choice,perfumeriaehigiene
crema sin aclarado capilar nutri rizos contouring para cabello rizado u ondulado garnier fructis 400 ml,400 ml,6.45,16.125,garnier fructis,perfumeriaehigiene
desodorante en spray black  white invisible original nivea men 250 ml,250 ml,3.69,14.76,nivea,perfumeriaehigiene
compresas normal con alas ultrafina ausonia 36 ud,36 ud,4.59,0.1275,ausonia,perfumeriaehigiene
cepillo de dientes suave cerdas cruzadas carrefour soft 2 ud,2 ud,1.24,0.62,carrefour soft,perfumeriaehigiene
gel de ducha coco natural honey 650 ml,650 ml,2.15,3.3076923076923075,natural honey,perfumeriaehigiene
dentifrico expert 8 carrefour soft 75 ml,75 ml,0.83,11.066666666666666,carrefour soft,perfumeriaehigiene
desodorante body spray musk proteccion 48h perfume ambarino carrefour men 150 ml,150 ml,1.27,8.466666666666667,carrefour,perfumeriaehigiene
dentifrico proteccion antimanchas 24h 3d white luxe carbon oral b 75 ml,75 ml,4.45,59.333333333333336,oral b,perfumeriaehigiene
crema hidratante nivea 400 ml,400 ml,6.29,15.725,nivea,perfumeriaehigiene
gel de ducha hidratante de coco carrefour 1500 ml,1500 ml,2.95,1.9666666666666668,carrefour,perfumeriaehigiene
tampones con aplicador compact super carrefour 20 ud,20 ud,2.55,0.1275,carrefour,perfumeriaehigiene
enjuague bucal proteccion dientes y encias menta fresca listerine 500 ml,500 ml,5.39,10.78,listerine,perfumeriaehigiene
protegeslip normal en bolsitas evax 40 ud,x 40 ud,2.29,0.05725,evax,perfumeriaehigiene
gel de ducha fresa y nata tulipan negro 650 ml,650 ml,2.19,3.3692307692307693,tulipan negro,perfumeriaehigiene
dentifrico white carrefour soft 75 ml,75 ml,0.83,11.066666666666666,carrefour soft,perfumeriaehigiene
compresas super con alas ultrafina ausonia 30 ud,30 ud,4.45,0.14833333333333334,ausonia,perfumeriaehigiene
desodorante roll on dry comfort nivea 50 ml,50 ml,2.35,47.0,nivea,perfumeriaehigiene
compresas normal sin alas liberty evax 12 ud,x 12 ud,3.39,0.28250000000000003,evax liberty,perfumeriaehigiene
dentifrico optic max white colgate 75 ml,75 ml,3.49,46.53333333333334,colgate max,perfumeriaehigiene
champu cuidado clasico para pelo normal y mixto pantene  pro v 325 ml,325 ml,4.45,13.692307692307692,pantene,perfumeriaehigiene
acondicionador para cabellos desidratado hidra hialuronico loreal elvive 300 ml,300 ml,4.09,13.633333333333333,elvive,perfumeriaehigiene
dentifrico para dientes sensibles proteccion diaria sensodyne 75 ml,75 ml,4.29,57.2,sensodyne,perfumeriaehigiene
compresas fina y segura normal con alas evax 12 ud,x 12 ud,1.69,0.14083333333333334,evax fina y segura,perfumeriaehigiene
lima de fibra de vidrio para unas carrefour soft 1 ud,1 ud,0.99,0.99,carrefour soft,perfumeriaehigiene
compresas para incontinencia de orina normal absodys discret carrefour soft 24 ud,24 ud,3.35,0.13958333333333334,carrefour,perfumeriaehigiene
quitaesmalte con glicerina express carrefour 200 ml,200 ml,1.15,5.749999999999999,carrefour,perfumeriaehigiene
dentifrico herbal 10 carrefour soft pack de 2 unidades de 75 ml,pack de 2 unidades de 75 ml,1.55,10.333333333333334,carrefour soft,perfumeriaehigiene
balsamo labial original liposan 48 g,48 g,3.25,67.70833333333333,liposan,perfumeriaehigiene
desodorante en spray black axe pack de 2 unidades de 150 ml,pack de 2 unidades de 150 ml,6.95,23.166666666666668,axe,perfumeriaehigiene
desodorante roll on zero extra control sanex 50 ml,x 50,2.35,0.047,sanex,perfumeriaehigiene
enjuague bucal gingival carrefour soft 500 ml,500 ml,1.99,3.98,carrefour soft,perfumeriaehigiene
champu fortificante fuerza y brillo para cabello normal garnier fructis 380 ml,380 ml,4.19,11.026315789473685,garnier fructis,perfumeriaehigiene
tampones regular pearl tampax 24 ud,x 24 ud,5.09,0.21208333333333332,tampax,perfumeriaehigiene
arcos dentales limpieza interdental carrefour soft 60 ud,60 ud,1.8,0.030000000000000002,carrefour soft,perfumeriaehigiene
mascarilla capilar nutri rizos contouring para cabello rizado u ondulado garnier fructis 300 ml,300 ml,5.15,17.166666666666668,garnier fructis,perfumeriaehigiene
gel de ducha cuidado fresco limpieza delicada para una piel suave dove 720 ml,720 ml,4.79,6.652777777777778,dove,perfumeriaehigiene
gel de ducha reparador lactourea para piel muy seca lactovit 750 ml,750 ml,3.69,4.92,lactovit,perfumeriaehigiene
tampones con aplicador super carrefour 32 ud,32 ud,4.05,0.1265625,carrefour,perfumeriaehigiene
enjuague bucal cuidado total listerine 1 l,1 l,7.89,7.89,listerine,perfumeriaehigiene
compresas ultra finas con alas normal plus pure carrefour soft 14 ud,14 ud,1.56,0.11142857142857143,carrefour soft,perfumeriaehigiene
gel de ducha glicerina carrefour 750 ml,750 ml,1.6,2.1333333333333333,carrefour,perfumeriaehigiene
esponja de bano jabonosa carrefour 10 ud,10 ud,1.2,0.12,carrefour,perfumeriaehigiene
champu y acondicionador anticaspa 2 en 1 classic hs 625 ml,625 ml,7.75,12.4,hs,perfumeriaehigiene
champu repara y protege para pelo seco y danado pantene  pro v 625 ml,625 ml,8.25,13.2,pantene,perfumeriaehigiene
desodorante en spray aloe vera rexona pack de 2 unidades de 200 ml,pack de 2 unidades de 200 ml,5.09,12.725,rexona,perfumeriaehigiene
gel de ducha argan natural honey 650 ml,650 ml,2.15,3.3076923076923075,natural honey,perfumeriaehigiene
dentifrico para dientes sensibles proteccion diaria sensodyne pack de 2 unidades de 75 ml,pack de 2 unidades de 75 ml,6.45,43.0,sensodyne,perfumeriaehigiene
enjuague bucal combate las bacterias aliento fresco triple action colgate 500 ml,500 ml,4.29,8.58,colgate triple accion,perfumeriaehigiene
protegeslip maxi ausonia 30 ud,30 ud,2.05,0.06833333333333333,ausonia,perfumeriaehigiene
gel de ducha sales minerales carrefour 750 ml,750 ml,1.6,2.1333333333333333,carrefour,perfumeriaehigiene
gel de ducha neutro nutritivo sanex 600 ml,x 600,3.79,0.006316666666666667,sanex,perfumeriaehigiene
dentblanco 21 licor polo 75,1 paquete,2.39,2.39,licor del polo,perfumeriaehigiene
champu anticaspa anticaida con cafeina hs 330 ml,330 ml,4.69,14.212121212121213,hs,perfumeriaehigiene
champu de almendra y vainilla choice simpl 15 l,15 l,2.39,0.15933333333333335,simpl,perfumeriaehigiene
agua micelar clasica para pieles normales todo en uno garnier skin active 400 ml,400 ml,5.69,14.225,garnier skinactive,perfumeriaehigiene
desodorante roll on sensitive sin perfume con seda hipoalergenico byly 50 ml,50 ml,1.9,37.99999999999999,byly,perfumeriaehigiene
gel de afeitar frescor piel normal carrefour men 200 ml,200 ml,1.75,8.75,carrefour,perfumeriaehigiene
gel de ducha dermoprotector carrefour 750 ml,750 ml,1.6,2.1333333333333333,carrefour,perfumeriaehigiene
champu anticaspa citrus fresh para cabello graso hs 1000 ml,1000 ml,11.55,11.55,hs,perfumeriaehigiene
champu cuidado clasico para todo tipo de cabello tresemme 685 ml,685 ml,5.69,8.306569343065693,tresemme,perfumeriaehigiene
desodorante en spray dermo extra control sanex 200 ml,x 200,2.89,0.014450000000000001,sanex,perfumeriaehigiene
crema adhesiva para protesis dentales dentafix soft carrefour 50 g,50 g,3.85,77.0,carrefour soft,perfumeriaehigiene
desodorante roll on invisible antitranspirante 48h 0 alcohol carrefour men 50 ml,50 ml,0.9,18.0,carrefour,perfumeriaehigiene
champu anticaspa para pelo grasooleoso citrus fresh hs 625 ml,625 ml,7.75,12.4,hs,perfumeriaehigiene
dentifrico para ninos de 3 6 anos sabor chicle carrefour 50 ml,50 ml,0.67,13.4,carrefour kids,perfumeriaehigiene
dentifrico dientes fuertes y aliento fresco fresh gel colgate pack de 2 unidades de 75 ml,pack de 2 unidades de 75 ml,2.89,19.26666666666667,colgate,perfumeriaehigiene
champu rizos definidos pantene pro v 325 ml,325 ml,4.45,13.692307692307692,pantene,perfumeriaehigiene
esponja exfoliante  carrefour 1 ud,1 ud,1.33,1.33,carrefour,perfumeriaehigiene
cepillo de dientes suave adaptado a encias sensibles sensitive carrefour soft 1 ud,1 ud,1.3,1.3,carrefour soft,perfumeriaehigiene
protegeslip normal ausonia 40 ud,40 ud,2.05,0.05125,ausonia,perfumeriaehigiene
desodorante en spray antitranspirante invisible pure rexona 200 ml,200 ml,2.69,13.45,rexona,perfumeriaehigiene
dentifrico para dientes sensibles blanqueante sensodyne pack de 2 unidades de 75 ml,pack de 2 unidades de 75 ml,6.45,43.0,sensodyne,perfumeriaehigiene
desodorante roll on black  white invisible original nivea 50 ml,50 ml,2.35,47.0,nivea,perfumeriaehigiene
gel de ducha nutritivo con leche y miel nb palmolive 600 ml,600 ml,3.35,5.583333333333334,nb palmolive,perfumeriaehigiene
tratamiento intensivo en ampollas repara  protege pantene pro v pack 3 unidades 15 ml,pack 3 unidades,4.45,1.4833333333333334,pantene,perfumeriaehigiene
desodorante en spray dermo invisible sanex 200 ml,x 200,2.39,0.01195,sanex,perfumeriaehigiene
desodorante en spray antitranspirante thermo fresh men rexona 200 ml,200 ml,3.89,19.45,rexona,perfumeriaehigiene
dentifrico para dientes sensibles sensibilidad  encias sensodyne 75 ml,75 ml,4.79,63.86666666666667,sensodyne,perfumeriaehigiene
enjuague bucal proteccion profesional pro expert oral b 500 ml,500 ml,5.55,11.1,oral b pro expert,perfumeriaehigiene
compresas para incontinencia de orina mini discreet ausonia 24 ud,24 ud,4.95,0.20625000000000002,ausonia,perfumeriaehigiene
dentifrico 2 en 1 junior sabor fresa licor del polo 75 ml,75 ml,2.39,31.86666666666667,licor del polo,perfumeriaehigiene
dentifrico frescor extremo carrefour soft pack de 2 unidades de 75 ml,pack de 2 unidades de 75 ml,1.55,10.333333333333334,carrefour soft,perfumeriaehigiene
champu repara y protege pantene pro v 1000 ml,1000 ml,11.55,11.55,pantene,perfumeriaehigiene
champu hidratacion intensa para cabello seco o danado tresemme 685 ml,685 ml,5.69,8.306569343065693,tresemme,perfumeriaehigiene
crema de afeitar piel sensible lea 100 g,100 g,1.94,19.4,lea,perfumeriaehigiene
protector de cama 60x90 cm carrefour soft 20 ud,60x90,8.49,0.09433333333333334,carrefour,perfumeriaehigiene
maquinillas desechable para hombre blue ii gillette 15 ud,15 ud,8.39,0.5593333333333333,gillette,perfumeriaehigiene
desodorante en spray antitranspirante aloe vera rexona 200 ml,200 ml,2.69,13.45,rexona,perfumeriaehigiene
after shave balsamo sensitive nivea men 100 ml,100 ml,5.95,59.5,nivea men,perfumeriaehigiene
desodorante en spray antitranspirante invisible antimanchas rexona 200 ml,200 ml,2.89,14.45,rexona,perfumeriaehigiene
dentifrico con fluor de uso diario frescor diario parodontax 75 ml,x 75,5.39,0.07186666666666666,parodontax,perfumeriaehigiene
laca fijacion fuerte de larga duracion carrefour soft 300 ml,300 ml,1.5,5.0,carrefour soft,perfumeriaehigiene
desodorante roll on antitranspirante invisible dry dove 50 ml,50 ml,2.49,49.800000000000004,dove,perfumeriaehigiene
desodorante en spray extra eficaz lactovit 200 ml,200 ml,2.75,13.75,lactovit,perfumeriaehigiene
dentifrico plaque anti placa expert menta fresca colgate total 75 ml,75 ml,4.15,55.33333333333334,colgate total,perfumeriaehigiene
mascarilla capilar de keratina suave  liso para cabello apagado y encrespado pantene pro v 300 ml,300 ml,4.29,14.3,pantene,perfumeriaehigiene
desodorante body spray tonic proteccion 48h perfume acidulado carrefour men 150 ml,150 ml,1.27,8.466666666666667,carrefour,perfumeriaehigiene
cepillo de dientes duro carrefour soft 4 ud,4 ud,1.46,0.365,carrefour soft,perfumeriaehigiene
maquinillas desechables para mujer dragonfruit venus 3 gillette 3 ud,3 ud,3.35,1.1166666666666667,venus,perfumeriaehigiene
dentifrico con extractos de plantas herbal colgate pack de 2 unidades de 75 ml,pack de 2 unidades de 75 ml,2.89,19.26666666666667,colgate,perfumeriaehigiene
compresas ultrafina con alas para noche extra ausonia 18 ud,18 ud,5.65,0.3138888888888889,ausonia,perfumeriaehigiene
gel de afeitado hidratante con manteca de cacao series gillette 200 ml,200 ml,4.39,21.949999999999996,gillette,perfumeriaehigiene
desodorante en spray antitranspirante 48h invisible carrefour soft 200 ml ,200 ml,1.7,8.5,carrefour soft,perfumeriaehigiene
enjuague bucal sensitive 0 alcohol carrefour soft 500 ml,500 ml,1.99,3.98,carrefour soft,perfumeriaehigiene
desodorante en spray invisible dry dove pack de 2 unidades de 200 ml,pack de 2 unidades de 200 ml,7.69,19.225,dove,perfumeriaehigiene
champu anticaspa menthol fresh hs 625 ml,625 ml,7.75,12.4,hs,perfumeriaehigiene
locion corporal reafirmante con vitamina c para piel normal nivea q10 400 ml,400 ml,6.25,15.625,nivea,perfumeriaehigiene
compresas normal con alas cottonlike evax 32 ud,x 32 ud,4.55,0.1421875,evax cottonlike,perfumeriaehigiene
protegeslip maxi plus salvaslip evax 30 ud,x 30 ud,3.19,0.10633333333333334,evax,perfumeriaehigiene
gel de ducha frutal simpl choice 1 l,1 l,1.19,1.19,simpl choice,perfumeriaehigiene
gel de ducha con aloe vera carrefour 750 ml,750 ml,1.6,2.1333333333333333,carrefour,perfumeriaehigiene
toallitas desmaquillantes hidratante y refrescantes para piel seca y sensible cara y ojos carrefour soft 25 ud,25 ud,1.15,0.046,carrefour soft,perfumeriaehigiene
dentifrico complete con enjuague bucal  blanqueante oral b 75 ml,75 ml,2.25,30.0,oral b pro expert,perfumeriaehigiene
enjuague bucal multi action carrefour soft 500 ml,500 ml,1.35,2.7,carrefour soft,perfumeriaehigiene
gel de ducha hidratante protector cuidado experto sanex 600 ml,x 600,3.09,0.00515,sanex,perfumeriaehigiene
desodorante roll on dermo extra control sanex 50 ml,x 50,2.35,0.047,sanex,perfumeriaehigiene
jabon original en pastilla para cara cuerpo y manos dove pack de 4 unidades 90 g,pack de 4 unidades,3.49,0.8725,dove,perfumeriaehigiene
pack cepillo medium crf 4 und,4 und,1.46,0.365,carrefour,perfumeriaehigiene
protegeslip extra largo carrefour 24 ud,24 ud,1.54,0.06416666666666666,carrefour soft,perfumeriaehigiene
tampones super plus pearl tampax 24 ud,x 24 ud,5.09,0.21208333333333332,tampax,perfumeriaehigiene
gel de ducha oliva carrefour 750 ml,750 ml,1.6,2.1333333333333333,carrefour,perfumeriaehigiene
dentifrico proteccion profesional pro expert oral b pack de 2 unidades de 75 ml,pack de 2 unidades de 75 ml,5.59,37.266666666666666,oral b pro expert,perfumeriaehigiene
enjuague bucal fresh carrefour soft 500 ml,500 ml,1.35,2.7,carrefour soft,perfumeriaehigiene
desodorante body spray marine proteccion 48h perfume fresco carrefour men 150 ml,150 ml,1.27,8.466666666666667,carrefour,perfumeriaehigiene
dentifrico proteccion caries maximum caries protection colgate pack de 2 unidades de 75 ml,pack de 2 unidades de 75 ml,2.89,19.26666666666667,colgate,perfumeriaehigiene
bastoncillos carrefour soft 300 ud,300 ud,1.35,0.0045000000000000005,carrefour soft,perfumeriaehigiene
gel de ducha classique original moussel 900 ml,900 ml,5.25,5.833333333333333,moussel,perfumeriaehigiene
compresas con alas para noche liberty evax 9 ud,x 9 ud,3.39,0.3766666666666667,evax liberty,perfumeriaehigiene
compresas incontinencia super absodys carrefour 20 ud,20 ud,3.35,0.1675,carrefour,perfumeriaehigiene
tampones super plus compak pearl tampax 16 ud,x 16 ud,3.89,0.243125,tampax,perfumeriaehigiene
desodorante en spray antitranspirante original dove pack de 2 unidades de 200 ml,pack de 2 unidades de 200 ml,6.05,15.124999999999998,dove,perfumeriaehigiene
desodorante en spray dark temptation fresh axe 150 ml,150 ml,3.99,26.6,axe,perfumeriaehigiene
dentifrico white 2in1 carrefour soft 100 ml,100 ml,1.05,10.5,carrefour soft,perfumeriaehigiene
aceite corporal aloe vera carrefour 400 ml,400 ml,1.65,4.124999999999999,carrefour,perfumeriaehigiene
maquinillas depilatorias desechables con aceite infantil y aloe blue ii plus gillette 5 ud,5 ud,3.35,0.67,venus,perfumeriaehigiene
desodorante en stick captain old spice 50 ml,50 ml,3.75,75.0,old spice,perfumeriaehigiene
cepillo de dientes suave limpieza profunda 360 colgate 1 ud,1 ud,4.45,4.45,colgate,perfumeriaehigiene
jabon de manos golosina soft carrefour 500 ml,500 ml,1.4,2.8,carrefour soft,perfumeriaehigiene
champu y acondicionador anticaspa classic 2 en 1 hs 1000 ml,1000 ml,11.55,11.55,hs,perfumeriaehigiene
acondicionador protector para el pelo tenido color vive elvive loreal paris 300 ml,300 ml,4.09,13.633333333333333,elvive,perfumeriaehigiene
desodorante en spray sport proteccion 48h antitranspirante frescor intenso 0 alcohol carrefour men 200 ml,200 ml,1.7,8.5,carrefour,perfumeriaehigiene
gel de ducha hidratante mango y fruta de la pasion carrefour soft 750 ml,750 ml,1.78,2.3733333333333335,carrefour soft,perfumeriaehigiene
acondicionador repara y protege pantene pro v 350 ml,350 ml,6.35,18.142857142857142,pantene,perfumeriaehigiene
champu anticaspa classic hs 1000 ml,1000 ml,11.55,11.55,hs,perfumeriaehigiene
dentifrico blanqueador para dientes sensibles sensitive con sensi espuma colgate 75 ml,75 ml,3.29,43.86666666666667,colgate,perfumeriaehigiene
jabon de manos de marsella en pastilla simpl choice 4 ud,4 ud,2.19,0.5475,simpl,perfumeriaehigiene
espuma rizos definidos pantene pro v 300 ml,300 ml,5.59,18.633333333333333,pantene,perfumeriaehigiene
desodorante stick original 0 sales de aluminio tulipan negro 100 ml,100 ml,2.89,28.9,tulipan negro,perfumeriaehigiene
body milk reafirmante con vitamina c para piel seca nivea q10 400 ml,400 ml,6.25,15.625,nivea,perfumeriaehigiene
recambios maquinilla fusion5 gillette 8 ud,8 ud,24.4,3.05,gillette,perfumeriaehigiene
cepillo de dientes medio limpieza profunda zigzag colgate 2 ud,2 ud,3.55,1.775,colgate,perfumeriaehigiene
cepillo de dientes infantil con luz temporizador 3 anos soft carrefour 1 ud,1 ud,3.09,3.09,carrefour,perfumeriaehigiene
protege slips plus large carefree 64 ud,64 ud,4.59,0.07171875,carefree,perfumeriaehigiene
desodorante en spray invisible proteccion 48h antitranspirante antimanchas 0 alcohol carrefour men 200 ml,200 ml,1.7,8.5,carrefour,perfumeriaehigiene
espuma rizo marcado giorgi 250 ml,250 ml,2.95,11.8,giorgi,perfumeriaehigiene
desodorante en spray antitranspirante cotton dry rexona 200 ml,200 ml,2.69,13.45,rexona,perfumeriaehigiene
jabon de manos glicerina soft carrefour 500 ml,500 ml,1.58,3.16,carrefour soft,perfumeriaehigiene
champu para cabello con raices grasas y puntas secas hialuronico pure elvive loreal paris 400 ml,400 ml,4.59,11.475,elvive,perfumeriaehigiene
jabon de manos en pastilla con extractos de oliva moisture care olive naturals palmolive pack de 3 unidades de 90 g,pack de 3 unidades de 90 g,2.49,9.222222222222223,palmolive,perfumeriaehigiene
compresas para incontinencia de orina proteccion completa normal discreet ausonia 24 ud,24 ud,6.55,0.27291666666666664,ausonia,perfumeriaehigiene
crema hidratante intensiva multiuso nivea soft mini formato de viaje 50 ml,50 ml,1.76,35.199999999999996,nivea,perfumeriaehigiene
dentifrico con fluor de uso diario complete proteccion blanqueante parodontax 75 ml,x 75,6.25,0.08333333333333333,parodontax,perfumeriaehigiene
champu anticaspa calmante dermaxpro hs 300 ml,300 ml,5.59,18.633333333333333,hs derma x pro,perfumeriaehigiene
desodorante roll on dermo extra control sanex pack 2 de unidades de 50 ml,50 ml,4.59,91.8,sanex,perfumeriaehigiene
cepillo de dientes 360 advance carrefour soft 1 ud,1 ud,1.66,1.66,carrefour soft,perfumeriaehigiene
laca fijacion normal de larga duracion carrefour 300 ml,300 ml,1.5,5.0,carrefour,perfumeriaehigiene
champu alisador liso  brillo para cabello liso rebelde o dificil de alisar garnier fructis 380 ml,380 ml,4.19,11.026315789473685,garnier fructis,perfumeriaehigiene
bandas de cera depilatoria faciales frias carrefour soft 20 ud,20 ud,1.38,0.06899999999999999,carrefour soft,perfumeriaehigiene
recambios maquinilla venus comfortglide breeze gillette 4 ud,4 ud,10.79,2.6975,venus,perfumeriaehigiene
desodorante en spray antitranspirante invisible aqua rexona 200 ml,200 ml,2.69,13.45,rexona,perfumeriaehigiene
jabon de manos de lavanda en pastilla simpl choice 4 ud,4 ud,2.19,0.5475,simpl,perfumeriaehigiene
dentifrico xtra white carrefour soft 75 ml,75 ml,1.13,15.066666666666666,carrefour soft,perfumeriaehigiene
preservativos originales natural plus durex 12 ud,x 12 ud,7.25,0.6041666666666666,durex,perfumeriaehigiene
desodorante desinfectante calzado sanytol 150 ml,150 ml,4.15,27.66666666666667,sanytol,perfumeriaehigiene
espuma de afeitar refrescante con eucalipto para piel sensible series gillette 200 ml,200 ml,3.85,19.25,gillette,perfumeriaehigiene
gel de ducha neutro hidratante sanex 850 ml,x 850,4.45,0.005235294117647059,sanex,perfumeriaehigiene
discos desmaquillantes suaves avalados ecologicos carrefour bio 50 ud,50 ud,1.51,0.0302,carrefour soft,perfumeriaehigiene
desodorante en spray invisible ice fresh rexona men pack de 2 unidades de 200 ml,pack de 2 unidades de 200 ml,5.09,12.725,rexona,perfumeriaehigiene
desodorante en spray dermo proteccion 48h antitranspirante frescor natural 0 alcohol carrefour soft 200 ml,200 ml,1.7,8.5,carrefour soft,perfumeriaehigiene
champu anticaspa menthol fresh hs 1000 ml,1000 ml,11.55,11.55,hs,perfumeriaehigiene
mascarilla capilar 3 en 1 hair food banana ultra nutritiva para cabello seco garnier fructis 390 ml,390 ml,6.95,17.82051282051282,garnier fructis hair food,perfumeriaehigiene
dentifrico blancura artica 3d white oral b 75 ml,75 ml,3.35,44.66666666666667,oral b,perfumeriaehigiene
desodorante roll on invisible 48h anti manchas 0 alcohol carrefour soft 50 ml,50 ml,0.9,18.0,carrefour soft,perfumeriaehigiene
gel fijador control total giorgi 170 ml,170 ml,2.85,16.764705882352942,giorgi,perfumeriaehigiene
dentifrico con fluor de uso diario complete proteccion original parodontax 75 ml,x 75,6.25,0.08333333333333333,parodontax,perfumeriaehigiene
gel de ducha talco malizia 1000 ml,1000 ml,3.35,3.35,malizia,perfumeriaehigiene
recambios cepillo bateria universal total clean carrefour soft 2 ud,2 ud,3.75,1.875,carrefour soft,perfumeriaehigiene
cepillo de dientes duro cerdas cruzadas carrefour soft 2 ud,2 ud,1.24,0.62,carrefour soft,perfumeriaehigiene
tabletas limpiadoras para protesis dentales antibacteriana frescor menta carrefour soft 36 ud,36 ud,2.75,0.0763888888888889,carrefour soft,perfumeriaehigiene
recambios mach3 gillette 4 ud,4 ud,13.39,3.3475,gillette,perfumeriaehigiene
protegeslip cotton feel normal sin fragancia carefree 76 ud,76 ud,3.65,0.04802631578947368,carefree,perfumeriaehigiene
desodorante en spray invisible antimanchas rexona pack de 2 unidades de 200 ml,pack de 2 unidades de 200 ml,5.09,12.725,rexona,perfumeriaehigiene
dentifrico prevencion del sarro advanced oral b 75 ml,75 ml,5.45,72.66666666666667,oral b,perfumeriaehigiene
crema hidratante intensiva con aceite de jojoba y vitamina e para cara cuerpo y manos soft nivea 375 ml,375 ml,6.49,17.30666666666667,nivea,perfumeriaehigiene
enjuague bucal white carrefour soft 500 ml,500 ml,1.35,2.7,carrefour soft,perfumeriaehigiene
acondicionador nutri rizos para cabello rizado u ondulado garnier fructis 250 ml,250 ml,4.75,19.0,garnier fructis,perfumeriaehigiene
discos de algodon desmaquillantes redondos sensitive demakup 72 ud,72 ud,2.19,0.030416666666666665,demak up,perfumeriaehigiene
dentifrico blanqueador purple reveal max white colgate 75 ml,75 ml,3.69,49.2,colgate max,perfumeriaehigiene
dentifrico prevencion activa colgate total pack de 2 unidades de 75 ml,pack de 2 unidades de 75 ml,5.49,36.6,colgate total,perfumeriaehigiene
gel de ducha hidratacion profunda advanced care dove 400 ml,400 ml,4.39,10.974999999999998,dove,perfumeriaehigiene
gel de ducha revitalizante lima y menta moussel 650 ml,650 ml,3.99,6.138461538461539,moussel,perfumeriaehigiene
compresas extra con alas para la noche liberty evax 9 ud,x 9 ud,4.25,0.4722222222222222,evax liberty,perfumeriaehigiene
dentifrico plaque anti placa expert blanqueadora colgate total 75 ml,75 ml,4.09,54.53333333333333,colgate total,perfumeriaehigiene
dentifrico blancura revitalizante 3d white oral b 75 ml,75 ml,3.35,44.66666666666667,oral b,perfumeriaehigiene
protegeslip para incontinencia ultra mini discreet tena 28 ud,28 ud,4.29,0.15321428571428572,tena,perfumeriaehigiene
gel de ducha dermo aceite hidratante para piel normal seca cuidado experto sanex 600 ml,x 600,3.09,0.00515,sanex,perfumeriaehigiene
compresas para incontinencia de orina normal discreet ausonia 14 ud,14 ud,4.95,0.3535714285714286,ausonia,perfumeriaehigiene
desodorante en spray black  white invisible original nivea 250 ml,250 ml,3.69,14.76,nivea,perfumeriaehigiene
gel de ducha urea piel seca cuidado experto sanex 600 ml,x 600,3.09,0.00515,sanex,perfumeriaehigiene
desodorante roll on eficacia 24h con aloe vera ecologico carrefour soft bio 50 ml,50 ml,1.99,39.8,carrefour soft,perfumeriaehigiene
compresas ultra finas con alas teen day carrefour soft 14 ud,14 ud,1.8,0.1285714285714286,carrefour,perfumeriaehigiene
protegeslip normal multiforma evax 58 ud,x 58 ud,3.89,0.06706896551724138,evax,perfumeriaehigiene
protegeslip cotton flexiform sin fragancia carefree 56 ud,56 ud,3.99,0.07125000000000001,carefree,perfumeriaehigiene
gel de ducha activit protector bioma para piel normal sensible lactovit 750 ml,750 ml,2.95,3.9333333333333336,lactovit,perfumeriaehigiene
toallitas desmaquillantes micelar  oil waterproof carrefour soft 25 ud,25 ud,1.5,0.06,carrefour soft,perfumeriaehigiene
champu citricos romero cabello graso carrefour soft 400 ml,400 ml,2.19,5.475,carrefour soft,perfumeriaehigiene
laca fijacion fuerte de larga duracion carrefour soft 75 ml,75 ml,1.1,14.666666666666668,carrefour,perfumeriaehigiene
compr incontinenc maxi crf16 u,16 u,4.19,0.261875,carrefour,perfumeriaehigiene
dentifrico accion antiplaca bacteriana clorofila licor del polo 75 ml,75 ml,2.29,30.533333333333335,licor del polo,perfumeriaehigiene
bastoncillos de maquillaje carrefour 100 ud,100 ud,2.49,0.024900000000000002,carrefour,perfumeriaehigiene
champu reparador para el pelo danado total repair 5 elvive loreal paris 400 ml,400 ml,4.59,11.475,elvive,perfumeriaehigiene
seda dental menta essencial floss oral b 50 m,1 paquete,4.19,4.19,oral b,perfumeriaehigiene
crema fijadora para protesis dentales sabor menta polident 44 g,44 g,5.45,123.86363636363637,polident,perfumeriaehigiene
desodorante en spray choco wild amalfi men 150 ml,150 ml,1.47,9.8,amalfi,perfumeriaehigiene
maquinillas desechables para hombre 3 hojas carrefour men 8 ud,3 hojas,3.85,1.2833333333333334,carrefour,perfumeriaehigiene
compresas normal con alas ultrafina carrefour 28 ud,28 ud,1.59,0.05678571428571429,carrefour,perfumeriaehigiene
vaselina para labios perfumada gal 13 g,13 g,2.49,191.53846153846158,gal,perfumeriaehigiene
dentifrico proteccion de encias menta fresca advanced oral b 75 ml,75 ml,5.09,67.86666666666667,oral b,perfumeriaehigiene
desodorante en spray invisible rexona men pack de 2 unidades de 200 ml,pack de 2 unidades de 200 ml,5.09,12.725,rexona,perfumeriaehigiene
desodorante en spray para calzado carrefour expert 250 ml,250 ml,2.95,11.8,carrefour,perfumeriaehigiene
cepillo de dientes medio cuidado de ortodoncia carrefour soft 1 ud,1 ud,1.9,1.9,carrefour soft,perfumeriaehigiene
compresas para incontinencia mini discreet ultra tena 20 ud,20 ud,5.15,0.2575,tena,perfumeriaehigiene
compresas para incontinencia de orina proteccion completa extra discreet ausonia 20 ud,20 ud,6.55,0.3275,ausonia,perfumeriaehigiene
agua de colonia classic fresh s3 750 ml,750 ml,3.49,4.653333333333333,s3,perfumeriaehigiene
gel de ducha argan carrefour 750 ml,750 ml,2.25,3.0,carrefour,perfumeriaehigiene
acondicionador repara y protege para pelo seco debil y danado pantene pro v 160 ml,160 ml,3.15,19.6875,pantene,perfumeriaehigiene
gel de ducha musgo blanco con antibacteriano malizia 1000 ml,1000 ml,3.35,3.35,malizia,perfumeriaehigiene
dentifrico para dientes sensibles sensibilidad  encias blanqueante sensodyne 75 ml,75 ml,4.79,63.86666666666667,sensodyne,perfumeriaehigiene
crema depilatoria para pieles sensibles men veet 200 ml,200 ml,5.89,29.449999999999996,veet,perfumeriaehigiene
desodorante en spray zero extra control proteccion sanex 200 ml,x 200,2.39,0.01195,sanex,perfumeriaehigiene
jabon delicado 14 crema hidratante carrefour soft pack de 4 unidades de 100 g,pack de 4 unidades de 100 g,2.79,6.975,carrefour,perfumeriaehigiene
dentifrico anticaries y dientes blancos triple action extra white colgate 75 ml,75 ml,2.89,38.53333333333334,colgate triple accion,perfumeriaehigiene
champu anticaspa hidratante para cuero cabelludo seco derma x pro hs 300 ml,300 ml,5.59,18.633333333333333,hs derma x pro,perfumeriaehigiene
maquinilla desechable para hombre smooth blue3 gillette  8 ud,8 ud,11.19,1.39875,gillette,perfumeriaehigiene
agua micelar clasica para pieles normales todo en uno garnier skin active 100 ml,100 ml,1.9,18.999999999999996,garnier skinactive,perfumeriaehigiene
enjuague bucal mentol listerine 95 ml,95 ml,1.61,16.947368421052634,listerine,perfumeriaehigiene
champu suavidad aroma a rosas herbal essences 350 ml ,350 ml,5.69,16.25714285714286,herbal essences,perfumeriaehigiene
compresas noche maxi carrefour 10 ud,10 ud,1.92,0.192,carrefour,perfumeriaehigiene
desodorante en spray natural 24h heno de pravia 200 ml,200 ml,3.55,17.749999999999996,heno de pravia,perfumeriaehigiene
gel de ducha cuidado experto  atopiderm nutri repair sanex 600 ml,x 600,4.45,0.007416666666666667,sanex,perfumeriaehigiene
preservativos sensitivo suave para mayor sensibilidad durex 12 ud,x 12 ud,8.25,0.6875,durex,perfumeriaehigiene
desmaquillantes waterproof carrefour soft 150 ml,150 ml,1.99,13.266666666666667,carrefour soft,perfumeriaehigiene
acondicionador hidratacion intensa para cabello seco o danado tresemme 685 ml,685 ml,5.69,8.306569343065693,tresemme,perfumeriaehigiene
champu reconstructor para pelo largo y danado dream long elvive loreal 400 ml,400 ml,4.59,11.475,elvive,perfumeriaehigiene
algodon precortado carrefour soft 200 g,200 g,2.25,11.25,carrefour soft,perfumeriaehigiene
cepillo de dientes suave blanqueador carrefour soft 1 ud,1 ud,1.68,1.68,carrefour soft,perfumeriaehigiene
agua micelar en aceite skin active garnier 400 ml,400 ml,5.59,13.975,garnier skinactive,perfumeriaehigiene
crema de manos hidratante aloe vera simpl choice 150 ml,150 ml,1.23,8.200000000000001,simpl,perfumeriaehigiene
desodorante roll on invisible sanex men 50 ml,50 ml,2.55,50.99999999999999,sanex,perfumeriaehigiene
cepillo de dientes bamboo medium ecologico soft carrefour 1 ud,1 ud,1.99,1.99,carrefour soft,perfumeriaehigiene
locion corporal hidratante intensiva piel seca a muy seca dove 400 ml,400 ml,5.15,12.875,dove,perfumeriaehigiene
protegeslip adapt evax 30 ud,x 30 ud,3.29,0.10966666666666666,evax,perfumeriaehigiene
enjuague bucal sabor menta suave sin alcohol cuidado total listerine 500 ml,500 ml,5.39,10.78,listerine,perfumeriaehigiene
tampones con aplicador normal carrefour 32 ud,32 ud,4.05,0.1265625,carrefour,perfumeriaehigiene
champu fortificante pure fresh agua de coco para raices grasas y puntas secas garnier fructis 360 ml,360 ml,4.19,11.638888888888891,garnier fructis,perfumeriaehigiene
gel de ducha sweet melon tulipan negro 650 ml,650 ml,2.19,3.3692307692307693,tulipan negro,perfumeriaehigiene
champu y acondicionador anticaspa 2en1 classic hs 300 ml,300 ml,4.45,14.833333333333334,hs,perfumeriaehigiene
discos desmaquillantes suaves ecologicos carrefour bio 70 ud,70 ud,1.76,0.025142857142857144,carrefour bio,perfumeriaehigiene
dentifrico sensitive expert carrefour soft 75 ml,75 ml,1.13,15.066666666666666,carrefour soft,perfumeriaehigiene
compresas para incontinencia de orina extra seguridad maxi discreet ausonia 16 ud,16 ud,7.95,0.496875,ausonia,perfumeriaehigiene
protegeslip normal fresh en bolsitas evax 40 ud,x 40 ud,2.29,0.05725,evax,perfumeriaehigiene
champu suave  liso pantene pro v 1000 ml,1000 ml,11.55,11.55,pantene,perfumeriaehigiene
champu fortificante anticaspa para cabello normal garnier fructis 360 ml,360 ml,4.19,11.638888888888891,garnier fructis,perfumeriaehigiene
toallitas desifectantes de manos soft carrefour 10 ud,10 ud,0.89,0.089,carrefour soft,perfumeriaehigiene
desodorante en spray cream care 48h antitranspirante crema hidratante 0 alcohol carrefour soft 200 ml,200 ml,1.7,8.5,carrefour soft,perfumeriaehigiene
champu anticaspa revitalizante dermaxpro hs 300 ml,300 ml,5.45,18.166666666666668,hs derma x pro,perfumeriaehigiene
compresas con alas para noche cottonlike evax 18 ud,x 18 ud,5.29,0.29388888888888887,evax cottonlike,perfumeriaehigiene
protegeslip  tanga negro carrefour 28 ud,28 ud,2.05,0.0732142857142857,carrefour,perfumeriaehigiene
gel de ducha almendras carrefour 750 ml,750 ml,1.6,2.1333333333333333,carrefour,perfumeriaehigiene
desodorante en spray black  white invisible original nivea men pack de 2 unidades de 200 ml,pack de 2 unidades de 200 ml,5.79,14.475,nivea,perfumeriaehigiene
dentifrico sensibilidad y blanqueamiento pro expert oral b pack de 2 unidades de 75 ml,pack de 2 unidades de 75 ml,5.59,37.266666666666666,oral b pro expert,perfumeriaehigiene
mascarilla reconstructora para pelo largo y danado dream long loreal elvive 310 ml,310 ml,4.39,14.161290322580644,elvive,perfumeriaehigiene
dentifrico para dientes sensibles multiproteccion sensodyne 75 ml,75 ml,4.79,63.86666666666667,sensodyne,perfumeriaehigiene
gel de ducha dermo pro hydrate hidratante piel muy seca biomeprotect sanex 850 ml,x 850,3.79,0.004458823529411765,sanex,perfumeriaehigiene
agua de colonia lavanda carrefour soft 750 ml,750 ml,2.49,3.3200000000000003,carrefour soft,perfumeriaehigiene
gel de ducha neutro hidratante sanex 950 ml,x 950,4.29,0.004515789473684211,sanex,perfumeriaehigiene
cepillo de dientes manual pro 3dwhite clinica oral b 1 ud,1 ud,5.35,5.35,oral b,perfumeriaehigiene
enjuague bucal infantil fresh sabor fresa carrefour soft 500 ml,500 ml,1.4,2.8,carrefour soft,perfumeriaehigiene
champu hidratacion intensa para cabello seco o danado tresemme 100 ml,100 ml,1.67,16.7,tresemme,perfumeriaehigiene
desodorante roll on extrem frescor byly 50 ml,50 ml,2.19,43.8,byly,perfumeriaehigiene
gel fijador extrafuerte giorgi 170 ml,170 ml,2.85,16.764705882352942,giorgi,perfumeriaehigiene
crema hidratante corporal con argan carrefour soft 250 ml,250 ml,1.66,6.64,carrefour soft,perfumeriaehigiene
champu anticaspa citrus fresh hs 300 ml,300 ml,4.45,14.833333333333334,hs,perfumeriaehigiene
dentifrico blanqueador max white ultra active foam colgate 50 ml,50 ml,6.35,126.99999999999999,colgate,perfumeriaehigiene
mascarilla capilar reparadora para cabello muy danado total repair 5 elvive loreal paris 300 ml,300 ml,4.39,14.633333333333333,elvive,perfumeriaehigiene
desodorante en spray aqua bergamot axe 150 ml,150 ml,5.95,39.66666666666667,axe,perfumeriaehigiene
gel fijador efecto mojado carrefour 250 ml,250 ml,1.6,6.4,carrefour,perfumeriaehigiene
compresas normal fina y segura evax 40 ud,x 40 ud,3.89,0.09725,evax fina y segura,perfumeriaehigiene
protegeslip tanga carrefour 30 ud,30 ud,1.25,0.041666666666666664,carrefour,perfumeriaehigiene
recambios gillettelabs 4 ud,4 ud,18.55,4.6375,gillette labs,perfumeriaehigiene
champu fortificante con naranja roja vitamina c y biotina para pelo fragil vitamin force garnier fructis 360 ml,360 ml,4.19,11.638888888888891,garnier fructis,perfumeriaehigiene
champu 72h de hidratacion hidra hialuronico elvive loreal paris 690 ml,690 ml,7.59,11.0,elvive,perfumeriaehigiene
compresas normal sin alas maxi carrefour 20 ud,20 ud,2.15,0.1075,carrefour,perfumeriaehigiene
gel intimo formula fresca chilly 250 ml,250 ml,4.89,19.56,chilly,perfumeriaehigiene
aceite capilar protector de queratina con vitamina e repara  protege pantene pro v 100 ml,100 ml,8.79,87.89999999999999,pantene,perfumeriaehigiene
mascarilla capilar de keratina rizos definidos pantene pro v 300 ml,300 ml,4.29,14.3,pantene,perfumeriaehigiene
compresas super plus con alas cottonlike evax 20 ud,x 20 ud,5.39,0.26949999999999996,evax cottonlike,perfumeriaehigiene
esponja dermomasaje exfoliacion regeneracion carrefour 1 ud,1 ud,1.99,1.99,carrefour,perfumeriaehigiene
desodorante roll on original black  white invisible nivea men pack de 2 unidades de 50 ml,pack de 2 unidades de 50 ml,4.29,42.9,nivea,perfumeriaehigiene
dentifrico original kemphor pack de 2 unidades de 75 ml,pack de 2 unidades de 75 ml,4.55,30.333333333333332,kemphor,perfumeriaehigiene
laca fijacion ultrafuerte pantene pro v 370 ml,370 ml,5.99,16.18918918918919,pantene,perfumeriaehigiene
desodorante roll on original dove pack de 2 unidades de 50 ml,pack de 2 unidades de 50 ml,4.59,45.9,dove,perfumeriaehigiene
discos desmaquillantes con aloe vera carrefour 70 ud,70 ud,1.46,0.020857142857142855,carrefour,perfumeriaehigiene
acondicionador anti puntas abiertas para pelo largo y danado dream long loreal elvive 300 ml,300 ml,4.09,13.633333333333333,elvive,perfumeriaehigiene
champu fortificante nutri rizos contouring para cabello rizado u ondulado garnier fructis 690 ml,690 ml,7.65,11.086956521739133,garnier fructis,perfumeriaehigiene
mascarilla capilar 3 en 1 hair food papaya reparadora para cabello danado garnier fructis 390 ml,390 ml,6.95,17.82051282051282,garnier fructis hair food,perfumeriaehigiene
desodorante en spray antitranspirante invisible dry men dove 150 ml,150 ml,4.29,28.6,dove,perfumeriaehigiene
champu rizos definidos para pelos con rizos rebeldes y encrespados pantene pro v 625 ml,625 ml,8.59,13.744,pantene,perfumeriaehigiene
manopla rizo carrefour 2 ud,2 ud,1.46,0.73,carrefour,perfumeriaehigiene
champu anticaspa classic hs 300 ml,300 ml,4.45,14.833333333333334,hs,perfumeriaehigiene
protector absorbente maxi 60x90 cm sabanindas extra 20 ud,60x90,13.55,0.15055555555555555,sabanindas,perfumeriaehigiene
gel de ducha ambar y vetiver soft carrefour 750 ml,750 ml,1.81,2.4133333333333336,carrefour soft,perfumeriaehigiene
crema nivea men 150 ml,150 ml,4.75,31.666666666666668,nivea men,perfumeriaehigiene
dentifrico blanqueador integral 8 signal 75 ml,75 ml,2.45,32.66666666666667,signal,perfumeriaehigiene
laca fijacion fuerte nelly 600 ml,600 ml,3.55,5.916666666666667,nelly,perfumeriaehigiene
quitaesmalte acetona pura carrefour soft 200 ml,200 ml,1.7,8.5,carrefour soft,perfumeriaehigiene
champu anticaida purificante cabellos grasos science les cosmetiques 400 ml,400 ml,2.55,6.374999999999999,les cosmetiques,perfumeriaehigiene
champu revitalizante resist plus con arginina cabellos fragiles science les cosmetiques 400 ml,400 ml,1.8,4.5,lcs   science   kera,perfumeriaehigiene
champu fuerza y brillo 2en1 para cabello normal garnier fructis 360 ml,360 ml,4.19,11.638888888888891,garnier fructis,perfumeriaehigiene
compresas super fina y segura evax 13 ud,x 13 ud,1.86,0.14307692307692307,evax fina y segura,perfumeriaehigiene
reccepil precclean oral b x2,x2,10.45,5.225,oral b,perfumeriaehigiene
bandas de cera corporales depilatoria frias carrefour soft 20 ud,20 ud,1.4,0.06999999999999999,carrefour soft,perfumeriaehigiene
champu anticaspa nutre y cuida hs 330 ml,330 ml,4.69,14.212121212121213,hs,perfumeriaehigiene
compresas ultra finas normal con alas 28 ud,28 ud,1.85,0.06607142857142857,simpl,perfumeriaehigiene
gel de ducha original tulipan negro 650 ml,650 ml,2.19,3.3692307692307693,tulipan negro,perfumeriaehigiene
acondicionador rizos definidos pantene pro v 350 ml,350 ml,6.25,17.857142857142858,pantene,perfumeriaehigiene
enjuague bucal multi action carrefour soft 1 l,1 l,2.55,2.55,carrefour soft,perfumeriaehigiene
champu anticaspa pantene pro v 325 ml ,325 ml,4.45,13.692307692307692,pantene,perfumeriaehigiene
dentifrico junior 1   6 anos con fluor para dientes de leche sabor fresa suave licor del polo 50 ml,50 ml,2.45,49.0,licor del polo,perfumeriaehigiene
desodorante roll on antitranspirante original dove 50 ml,50 ml,3.25,65.0,dove,perfumeriaehigiene
desechable sensitive blue3 gillette 4 ud,4 ud,5.89,1.4725,gillette,perfumeriaehigiene
vaselina para labios hidratante soft carrefour 100 g,100 g,1.99,19.9,carrefour,perfumeriaehigiene
tampones super compak tampax 36 ud,x 36 ud,6.49,0.1802777777777778,tampax,perfumeriaehigiene
desodorante roll on sensitive avena 48h 0 alcohol carrefour soft 50 ml,50 ml,0.9,18.0,carrefour soft,perfumeriaehigiene
dentifrico limpieza interdental integral 8 signal 75 ml,75 ml,2.49,33.2,signal,perfumeriaehigiene
champu reparador con aceite de argan herbal essences 350 ml,350 ml,5.75,16.42857142857143,herbal essences,perfumeriaehigiene
cinta dental carrefour soft pack de 2 unidades de 50 m,pack de 2 unidades,2.49,1.245,carrefour soft,perfumeriaehigiene
gel de ducha para piel sensible hipoalergenico natura instituto espanol 750 ml,750 ml,2.69,3.5866666666666664,instituto espanol,perfumeriaehigiene
cepillo de dientes infantil 7 anos carrefour soft 1 ud,1 ud,1.34,1.34,carrefour soft,perfumeriaehigiene
compresas para incontinencia de orina extra seguridad ultra dia y noche discreet ausonia 12 ud,12 ud,7.59,0.6325,ausonia,perfumeriaehigiene
enjuague bucal proteccion 24h antibacteriano plax soft mint colgate 500 ml,500 ml,5.59,11.18,colgate,perfumeriaehigiene
desodorante roll on control cotton 48h 0 alcohol carrefour soft 50 ml,50 ml,0.92,18.4,carrefour soft,perfumeriaehigiene
gel de ducha aloe vera hidrotermal la toja 550 ml,550 ml,2.95,5.363636363636363,la toja,perfumeriaehigiene
desodorante en spray para hombre perfume musk 150 ml,150 ml,1.24,8.266666666666667,simpl,perfumeriaehigiene
desodorante stick dermo protector 24h sanex 65 ml,x 65,3.75,0.057692307692307696,sanex,perfumeriaehigiene
desodorante en spray antitranspirante original dove 150 ml,150 ml,3.65,24.333333333333332,dove,perfumeriaehigiene
maquinillas desechables action 3 bic 4 ud,4 ud,3.15,0.7875,bic,perfumeriaehigiene
champu y acondicionador anticaspa citrus fresh hs 400 ml,400 ml,7.29,18.224999999999998,hs todo en uno,perfumeriaehigiene
champu anticaspa anticaida con cafeina pro expert 7 hs 300 ml ,300 ml,5.89,19.633333333333333,hs 7 en 1,perfumeriaehigiene
jabon liquido natural 100 de glicerina original lida 600 ml,600 ml,5.19,8.65,lida,perfumeriaehigiene
enjuague bucal accion antiplaca bacteriana con fluor frescor intenso triple accion licor del polo 500 ml,500 ml,5.25,10.5,licor del polo,perfumeriaehigiene
champu hidratante con agua de coco  bambu para pelo apagado deshidratado carrefour soft 400 ml ,400 ml,2.05,5.124999999999999,carrefour soft,perfumeriaehigiene
quitaesmalte suave sin acetona carrefour 200 ml,200 ml,1.3,6.5,carrefour,perfumeriaehigiene
cepillo dental infantil  3 anos carrefour 3 ud,3 ud,2.25,0.75,carrefour,perfumeriaehigiene
desodorante roll on eficacia 24h con hibisco ecologico carrefour soft bio 50 ml,50 ml,1.99,39.8,carrefour soft,perfumeriaehigiene
champu familiar para cabello normal revlon flex 650 ml,x 650,3.75,0.0057692307692307696,flex,perfumeriaehigiene
maquinillas desechables sensor3 comfort gillette 3 ud,3 ud,4.59,1.53,gillette,perfumeriaehigiene
crema hidratante nivea 75 ml,75 ml,2.65,35.333333333333336,nivea,perfumeriaehigiene
tampones super sin aplicador soft carrefour 32 ud,32 ud,3.55,0.1109375,carrefour,perfumeriaehigiene
gel de ducha hidratacion profunda hidratantes naturales dove advanced care 600 ml,600 ml,7.09,11.816666666666666,dove,perfumeriaehigiene
acondicionador repara y protege para pelo seco y danado pantene pro v 800 ml,800 ml,15.15,18.9375,pantene,perfumeriaehigiene
esponja de bano suave carrefour 2 ud,2 ud,1.3,0.65,carrefour,perfumeriaehigiene
compresa ultra finas normal con alas carrefour soft 14 ud,14 ud,1.4,0.09999999999999999,carrefour,perfumeriaehigiene
gel de ducha frutal carrefour 750 ml,750 ml,1.6,2.1333333333333333,carrefour,perfumeriaehigiene
compresas normal con alas cottonlike evax 19 ud,x 19 ud,3.45,0.18157894736842106,evax cottonlike,perfumeriaehigiene
compresas ultra sin alas normal carrefour 16 ud,16 ud,1.1,0.06875,carrefour,perfumeriaehigiene
jabon de manos en pastilla original heno de pravia 2 unidades 115 g,115 g,2.49,21.65217391304348,heno de pravia,perfumeriaehigiene
dentifrico fresh xtrem carrefour soft 75 ml,75 ml,0.83,11.066666666666666,carrefour soft,perfumeriaehigiene
dentifrico blanqueador bicarbonato signal 100 ml,100 ml,1.85,18.5,signal,perfumeriaehigiene
compresas ultra fina con alas super carrefour 12 ud,12 ud,1.4,0.11666666666666665,carrefour,perfumeriaehigiene
protegeslip normal ecologico pure carrefour soft 24 ud,24 ud,1.36,0.05666666666666667,carrefour soft,perfumeriaehigiene
dentifrico prevencion activa blanqueadora colgate total 75 ml,75 ml,3.35,44.66666666666667,colgate total,perfumeriaehigiene
cepillo de dientes medio cerdas cruzadas carrefour soft 2 ud,2 ud,1.24,0.62,carrefour soft,perfumeriaehigiene
champu para cabello sin vida hidra hialuronico elvive loreal paris 400 ml,400 ml,4.59,11.475,elvive,perfumeriaehigiene
gel de ducha nutritivo para piel normal seca lactovit 750 ml,750 ml,2.95,3.9333333333333336,lactovit,perfumeriaehigiene
dentifrico sensation blanqueador colgate 75 ml,75 ml,2.85,38.0,colgate,perfumeriaehigiene
gel de ducha sales minarales la toja 600 ml,600 ml,2.95,4.916666666666667,la toja,perfumeriaehigiene
champu fortificante nutri rizos contouring para cabello rizado u ondulado garnier fructis 360 ml,360 ml,4.19,11.638888888888891,garnier fructis,perfumeriaehigiene
tampones super pearl compak tampax 16 ud,x 16 ud,3.89,0.243125,tampax,perfumeriaehigiene
compresas maxi noche absodys carrefour 12 ud,12 ud,3.79,0.31583333333333335,carrefour,perfumeriaehigiene
esponja de bano suave flor carrefour 1 ud,1 ud,0.85,0.85,carrefour,perfumeriaehigiene
mascarilla capilar de keratina repara  protege para cabello danado y fragil pantene pro v 300 ml,300 ml,4.29,14.3,pantene,perfumeriaehigiene
enjuague bucal protection carrefour soft 500 ml,500 ml,1.99,3.98,carrefour soft,perfumeriaehigiene
dentifrico advanced encias sanas y sensibilidad colgate total 75ml,75ml,3.99,53.2,colgate total,perfumeriaehigiene
dentifrico perfeccion blanqueamiento avanzado 3d white luxe oral b 75 ml,75 ml,4.45,59.333333333333336,oral b,perfumeriaehigiene
jabon de manos avena soft carrefour 500 ml,500 ml,1.58,3.16,carrefour soft,perfumeriaehigiene
dentifrico fresh 2in1 carrefour soft 100 ml,100 ml,1.05,10.5,carrefour soft,perfumeriaehigiene
balsamo labial fp15 hydro care liposan 48 g,48 g,1.8,37.5,liposan,perfumeriaehigiene
mascarilla capilar 3 en 1 hair food aloe vera hidratante para cabello normal garnier fructis 390 ml,390 ml,6.95,17.82051282051282,garnier fructis hair food,perfumeriaehigiene
jabon manos para la cocina soft carrefour 500 ml,500 ml,2.05,4.1,carrefour soft,perfumeriaehigiene
toallitas desodorantes carrefour 12 ud ,12 ud,0.99,0.0825,carrefour,perfumeriaehigiene
crema corporal reafirmante q10 carrefour 400 ml,400 ml,2.39,5.975,carrefour,perfumeriaehigiene
gel de ducha flor de cereza nb palmolive 600 ml,600 ml,3.35,5.583333333333334,nb palmolive,perfumeriaehigiene
champu seco con extracto de limon purify soft carrefour 200 ml ,200 ml,2.25,11.25,carrefour soft,perfumeriaehigiene
agua de colonia original heno de pravia 780 ml,780 ml,4.69,6.012820512820513,heno de pravia,perfumeriaehigiene
quitaesmalte hidratante cutex 200 ml,x 200,3.39,0.01695,cutex,perfumeriaehigiene
espuma de afeitar con sales minerales y aloe de vera para piel sensible la toja 300 ml,300 ml,3.25,10.833333333333334,la toja,perfumeriaehigiene
locion hidratante con urea instituto espanol 950 ml,950 ml,5.95,6.2631578947368425,instituto espanol,perfumeriaehigiene
jabon de manos rosa mosqueta babaria 500 ml,500 ml,2.25,4.5,babaria,perfumeriaehigiene
desodorante en spray captain old spice 150 ml,150 ml,4.55,30.333333333333332,old spice,perfumeriaehigiene
enjuague bucal fresh carrefour soft 1 l,1 l,2.55,2.55,carrefour soft,perfumeriaehigiene
champu fortificante pure fresh pepino purificante para cabello graso garnier fructis 360 ml,360 ml,4.19,11.638888888888891,garnier fructis,perfumeriaehigiene
esponja de bano con fibras naturales calypso 1 ud,1 ud,2.25,2.25,calypso,perfumeriaehigiene
gel de afeitado piel sensible carrefour men 75 ml,75 ml,1.35,18.000000000000004,carrefour,perfumeriaehigiene
dentifrico infantil de mas de 7 anos carrefour 75 ml,75 ml,0.99,13.200000000000001,carrefour kids,perfumeriaehigiene
desodorante en spray black vanilla axe 150 ml,150 ml,5.95,39.66666666666667,axe,perfumeriaehigiene
champu fortificante revlon flex 650 ml,x 650,3.75,0.0057692307692307696,flex,perfumeriaehigiene
kit dental viaje pierrot cepillo dentifrico y hilo dental 1 ud,1 ud,4.19,4.19,pierrot,perfumeriaehigiene
desodorante en spray blue waves amalfi men 150 ml,150 ml,1.47,9.8,amalfi,perfumeriaehigiene
champu violeta matizador para el pelo con mechas rubio decolorado o gris color vive loreal elvive 200 ml,200 ml,5.49,27.45,elvive,perfumeriaehigiene
tampones super pearl compak tampax 36 ud,x 36 ud,8.59,0.2386111111111111,tampax,perfumeriaehigiene
champu en seco con extracto de bambu volumen soft carrefour 200 ml,200 ml,2.25,11.25,carrefour soft,perfumeriaehigiene
dentifrico con fluor de uso diario blanqueante diario parodontax 75 ml,x 75,5.39,0.07186666666666666,parodontax,perfumeriaehigiene
dentifrico white anti manchas clinical sensodyne 75 ml,75 ml,6.49,86.53333333333335,sensodyne,perfumeriaehigiene
compresas noche con alas cottonlike evax 11 ud,x 11 ud,3.55,0.3227272727272727,evax cottonlike,perfumeriaehigiene
desodorante en spray tacto puro 24h anti manchas blancas nb palmolive 200 ml,200 ml,3.69,18.45,nb palmolive,perfumeriaehigiene
desodorante spray pies controla la sudoracion y la humedad babaria 150 ml,150 ml,3.09,20.6,babaria,perfumeriaehigiene
desodorante en spray cotton dry rexona pack de 2 unidades de 200 ml,pack de 2 unidades de 200 ml,5.09,12.725,rexona,perfumeriaehigiene
champu seco purificante con limon carrefour soft 75 ml,75 ml,2.35,31.333333333333336,carrefour soft,perfumeriaehigiene
gel de ducha puro 0 hidratante hidrogenesse 800 ml,800 ml,2.25,2.8125,hidrogenesse,perfumeriaehigiene
gel fijador extrafuerte carrefour 250 ml,250 ml,1.6,6.4,carrefour,perfumeriaehigiene
recambio pro precision clean oral b pro 4 ud ,4 ud,14.49,3.6225,oral b,perfumeriaehigiene
champu para suave y liso para pelo encrespado y apagado pantene pro v 625 ml,625 ml,8.55,13.680000000000001,pantene,perfumeriaehigiene
champu fortificante para pelo fragil con tendencia a caerse full resist loreal elvive 400 ml ,400 ml,4.59,11.475,elvive,perfumeriaehigiene
mascarilla facial con vitamina c y acido hialuronico hidratante  iluminadora skin active garnier 1 ud,1 ud,3.29,3.29,garnier skinactive,perfumeriaehigiene
champu y acondicionador anticaspa 2 en 1 para todo tipo de cabello science les cosmetiques 400 ml,400 ml,2.55,6.374999999999999,lcs   science   kera,perfumeriaehigiene
gel de ducha 2 en 1 carrefour soft 500 ml,500 ml,1.99,3.98,carrefour soft,perfumeriaehigiene
desodorante roll on dermo sensitive sanex pack de 2 unidades de 50 ml,pack de 2 unidades de 50 ml,4.59,45.9,sanex,perfumeriaehigiene
gel de ducha dark temptation axe 400 ml,400 ml,3.65,9.125,axe,perfumeriaehigiene
acondicionador reparador para cabello danado total repair 5 elvive loreal paris 300 ml,300 ml,4.09,13.633333333333333,elvive,perfumeriaehigiene
gel de ducha classique original moussel 60 ml,60 ml,1.67,27.833333333333332,moussel,perfumeriaehigiene
crema corporal hidratante 10 urea carrefour 400 ml,400 ml,2.19,5.475,carrefour,perfumeriaehigiene
toallitas desmaquillantes cara cuello y ojos carrefour 25 ud,25 ud,1.19,0.047599999999999996,simpl,perfumeriaehigiene
champu fortificante adios danos para cabello danado garnier fructis 360 ml,360 ml,4.19,11.638888888888891,garnier fructis,perfumeriaehigiene
toallitas higienicas para adultos absodys carrefour soft 64 ud,64 ud,4.45,0.06953125,carrefour soft,perfumeriaehigiene
balsamo labial cherry shine liposan 48 g,48 g,3.25,67.70833333333333,liposan,perfumeriaehigiene
aceite extraordinario tratamiento uso universal loreal elvive 100 ml ,100 ml,11.75,117.5,elvive,perfumeriaehigiene
acondicionador repara y protege 3 minute miracle pantene pro v 220 ml,220 ml,5.25,23.863636363636363,pantene,perfumeriaehigiene
gel de ducha dermo hidratante douche crme moussel 900 ml,900 ml,5.25,5.833333333333333,moussel,perfumeriaehigiene
recambios maquinilla para hombre pieles sensibles 5 hojas perfect 5 carrefour men 4 ud,5 hojas,4.29,0.858,carrefour,perfumeriaehigiene
after shave balsamo hidratante protege  cuida nivea men 100 ml,100 ml,5.85,58.49999999999999,nivea men,perfumeriaehigiene
champu y acondicionador anticaspa menthol fresh hs 400 ml,400 ml,7.29,18.224999999999998,hs todo en uno,perfumeriaehigiene
leche corporal hidratante con extracto de avena carrefour 400 ml,400 ml,2.15,5.374999999999999,carrefour,perfumeriaehigiene
champu fortificante fuerza y brillo para cabello normal ganier fructis 690 ml,690 ml,7.65,11.086956521739133,garnier fructis,perfumeriaehigiene
champu protector para el pelo tenido color vive elvive loreal paris 690 ml,690 ml,7.59,11.0,elvive,perfumeriaehigiene
dentifrico de uso diario con fluor eficacia blanqueadora anti manchas intensivo denivit 50 ml,50 ml,2.25,45.0,denivit,perfumeriaehigiene
laca clasica nelly 600 ml,600 ml,3.55,5.916666666666667,nelly,perfumeriaehigiene
mascarilla capilar reparadora para cabello seco y danado ultra repair science les cosmetiques 300 ml,300 ml,1.54,5.133333333333334,les cosmetiques,perfumeriaehigiene
dentifrico control duplo parogencyl pack de 2 unidades de 125 ml,pack de 2 unidades de 125 ml,8.49,33.96,parogencyl,perfumeriaehigiene
cepillo dental con bateria total clean carrefour soft 1 ud,1 ud,9.29,9.29,carrefour soft,perfumeriaehigiene
champu fortificante con extracto de cebolla carrefour soft 300 ml,300 ml,2.05,6.833333333333333,carrefour soft,perfumeriaehigiene
champu purificante para pelo graso arcilla suave y limon original remedies garnier 400 ml,400 ml,4.45,11.125,garnier original remedies,perfumeriaehigiene
crema hidratante reparadora urea instituto espanol 150 ml,150 ml,3.09,20.6,instituto espanol,perfumeriaehigiene
mascarilla metodo rizos n2 para rizos hidratados durante 1 semana fructis garnier 370 ml,370 ml,8.79,23.756756756756754,garnier fructis,perfumeriaehigiene
gel de ducha dermo hidratante moussel 650 ml,650 ml,4.05,6.23076923076923,moussel,perfumeriaehigiene
desodorante en spray con perfume floral 200 ml,200 ml,1.6,8.0,simpl,perfumeriaehigiene
gel fijador efecto mojado giorgi 170 ml,170 ml,2.85,16.764705882352942,giorgi,perfumeriaehigiene
goma de pelo negra ponette 10 ud,10 ud,1.12,0.11200000000000002,ponette,perfumeriaehigiene
gel de afeitado con aceite de almendras para piel sensible  x5 accion fusion gillette 200 ml,x5,6.05,1.21,gillette,perfumeriaehigiene
jabon de manos hidratante con proteccion total contra agentes externos sanytol 250 ml,250 ml,2.55,10.2,sanytol,perfumeriaehigiene
spray bucal carrefour soft 10 ml,10 ml,1.99,199.0,carrefour soft,perfumeriaehigiene
coloracion permanente tono 5 castano luminoso garnier color sensation 1 ud,1 ud,3.89,3.89,garnier color sensation,perfumeriaehigiene
laca fijadora fuerte satin loreal elnett 300 ml,300 ml,6.19,20.633333333333336,elnett,perfumeriaehigiene
compresas higienicas sin alas noche clasica ausonia 9 ud,9 ud,2.49,0.27666666666666667,ausonia,perfumeriaehigiene
compresas super con alas cottonlike evax 14 ud,x 14 ud,3.55,0.25357142857142856,evax cottonlike,perfumeriaehigiene
leche corporal reparadora lactourea para piel muy seca lactovit 400 ml,400 ml,5.59,13.975,lactovit,perfumeriaehigiene
enjuague bucal 0 alcohol ecologico carrefour soft bio 500 ml,500 ml,3.99,7.98,carrefour soft,perfumeriaehigiene
agua de colonia n 66 fougere aromatica para hombre caravan 150 ml,150 ml,10.69,71.26666666666667,caravan,perfumeriaehigiene
espuma de peinado para rizos carrefour soft 200 ml,200 ml,1.7,8.5,carrefour soft,perfumeriaehigiene
compresas para incontinencia normal discreet tena 24 ud,24 ud,9.25,0.3854166666666667,tena,perfumeriaehigiene
desodorante roll on eficacia 24h piel sensible 0 alcohol carrefour soft pure 50 ml,50 ml,1.12,22.400000000000002,carrefour soft,perfumeriaehigiene
maquinillas desechables venus oceana gillette 3 ud,3 ud,7.69,2.5633333333333335,venus,perfumeriaehigiene
desodorante en crema sensitive byly 25 ml,25 ml,2.55,101.99999999999999,byly,perfumeriaehigiene
preservativos super finos contacto total para mayor sensibilidad durex 12 ud,x 12 ud,12.29,1.0241666666666667,durex,perfumeriaehigiene
cepillo neumatico pequeno ponette 1 ud,1 ud,1.41,1.41,ponette,perfumeriaehigiene
acondicionador suave y liso pantene pro v 350 ml,350 ml,6.35,18.142857142857142,pantene,perfumeriaehigiene
desodorante en spray active control sanex men 200 ml,200 ml,3.69,18.45,sanex,perfumeriaehigiene
champu camomila trigo cabello rubio carrefour soft 400 ml,400 ml,2.19,5.475,carrefour soft,perfumeriaehigiene
espuma de afeitar con sales minerales y pro vitamina b5 classic la toja 300 ml,300 ml,3.25,10.833333333333334,la toja,perfumeriaehigiene
champu con extracto de magnolia silver shine science 300 ml,300 ml,2.29,7.633333333333334,lcs   science   kera,perfumeriaehigiene
mascarilla capilar liso  brillo para cabello liso rebelde o dificil de alisar garnier fructis 300 ml,300 ml,5.15,17.166666666666668,garnier fructis,perfumeriaehigiene
champu equilibrante para pelo graso en raiz y seco en puntas carbon magnetico original remedies garnier 400 ml,400 ml,4.39,10.974999999999998,garnier original remedies,perfumeriaehigiene
mascarilla capilar antiencrespamiento con aceite de aguacate y manteca de karite garnier original remedies 340 ml,340 ml,5.15,15.147058823529411,garnier original remedies,perfumeriaehigiene
desodorante stick marine carrefour men 50 ml,50 ml,1.9,37.99999999999999,carrefour,perfumeriaehigiene
champu reparador para cabello seco y danado ultra repair science les cosmetiques 400 ml,400 ml,1.8,4.5,lcs   science   kera,perfumeriaehigiene
desodorante en spray algodon proteccion 48h 0 alcohol carrefour soft 200 ml,200 ml,1.7,8.5,carrefour soft,perfumeriaehigiene
champu repara  protege 3en1 pantene pro v 500 ml,500 ml,7.59,15.18,pantene,perfumeriaehigiene
desechable blue ii fija gillette 10 ud,10 ud,5.59,0.5589999999999999,gillette,perfumeriaehigiene
champu brillo expres carrefour 750 ml,750 ml,3.19,4.253333333333333,carrefour,perfumeriaehigiene
champu nutricion profunda con aceite de aguacate y manteca de karite garnier original remedies 400 ml,400 ml,4.45,11.125,garnier original remedies,perfumeriaehigiene
champu anticaspa para cabello normal science les cosmetiques 400 ml,400 ml,2.55,6.374999999999999,lcs   science   kera,perfumeriaehigiene
bastoncillos de algodon ecologicos carrefour bio 200 ud,200 ud,1.57,0.007850000000000001,carrefour bio,perfumeriaehigiene
desodorante roll on antitranspirante tropical rexona 50 ml,50 ml,2.55,50.99999999999999,rexona,perfumeriaehigiene
dentifrico proteccion completa integral 8 signal 75 ml,75 ml,2.49,33.2,signal,perfumeriaehigiene
crema fijadora para protesis dentales sin sabor polident 40 g,40 g,5.45,136.25,polident,perfumeriaehigiene
mascarilla facial de tela hydra bomb hidratante revitalizante con acido hialuronico y granada antioxidante skinactive mask tissu garnier 1 ud,1 ud,3.25,3.25,garnier skinactive,perfumeriaehigiene
compresas noche extra con alas cottonlike evax 16 ud,x 16 ud,5.05,0.315625,evax,perfumeriaehigiene
compresas ultra finas con alas noche teen night  carrefour 12 ud,12 ud,1.8,0.15,carrefour,perfumeriaehigiene
champu anticaida para cabellos normales naturvital 300 ml,300 ml,5.19,17.3,natur vital,perfumeriaehigiene
champu ultra suave ninos albaricoque garnier 400 ml,400 ml,4.15,10.375,garnier ultra suave,perfumeriaehigiene
protegeslip multiforma frescor perfume sintetico carrefour 30 ud,30 ud,2.05,0.06833333333333333,carrefour,perfumeriaehigiene
jabon de afeitar original lea 40 g,40 g,1.76,44.0,lea,perfumeriaehigiene
serum en spray metodo rizos n3 rizos hidratados y definidos durante 48h garnier fructis 150 ml,150 ml,8.95,59.666666666666664,garnier fructis,perfumeriaehigiene
maquinillas desechables para mujer 2 hojas carrefour soft 10 ud,2 hojas,1.99,0.995,carrefour,perfumeriaehigiene
maquinillas desechables flex 3 classic bic 4 ud,x 3,5.25,1.75,bic,perfumeriaehigiene
champu hidrata  purifica con acido hialuronico  arcilla blanca limpia y purifica el cabello graso e hidrata tresemme 685 ml,685 ml,5.69,8.306569343065693,tresemme,perfumeriaehigiene
maquinillas desechables para hombre blue3 sensitive gillette 8 ud,8 ud,12.49,1.56125,gillette,perfumeriaehigiene
champu en seco original batiste 200 ml,200 ml,3.65,18.25,batiste,perfumeriaehigiene
crema intensiva anti edad loreal revitalift 50 ml,50 ml,11.09,221.79999999999998,loreal revitalift,perfumeriaehigiene
champu hidratante aroma a coco herbal essences 350 ml,350 ml,5.85,16.714285714285715,herbal essences,perfumeriaehigiene
maquinilla fusion5 gillette  recambio 1 ud,1 ud,8.59,8.59,gillette,perfumeriaehigiene
desodorante roll on flor de tiare y monoi carrefour soft 50 ml,50 ml,0.92,18.4,carrefour soft,perfumeriaehigiene
coloracion permanente n 1 ultra negro garnier color sensation 1 ud,1 ud,3.89,3.89,garnier color sensation,perfumeriaehigiene
agua de colonia fresca carrefour soft 750 ml,750 ml,2.49,3.3200000000000003,carrefour soft,perfumeriaehigiene
preservativos con puntos y estrias dame placer durex 12 ud,x 12 ud,9.89,0.8241666666666667,durex,perfumeriaehigiene
gel cr depilatveet men 200ml,200ml,5.89,29.449999999999996,veet,perfumeriaehigiene
champu anticaspa apple fresh hs 1000 ml,1000 ml,11.55,11.55,hs,perfumeriaehigiene
crema corporal rosa mosqueta pieles secas carrefour 200 ml,200 ml,2.15,10.749999999999998,carrefour,perfumeriaehigiene
tampones regular compak tampax 38 ud,x 38 ud,6.45,0.16973684210526316,tampax,perfumeriaehigiene
recambios cepillo bateria universal sensitive carrefour soft 2 ud,2 ud,3.75,1.875,carrefour soft,perfumeriaehigiene
desodorante roll on invisible for black  white fresh nivea 50 ml,50 ml,2.35,47.0,nivea,perfumeriaehigiene
cepillo de dientes viaje carrefour soft 1 ud,1 ud,1.24,1.24,carrefour soft,perfumeriaehigiene
desodorante talco para pies eudermin 150 g,150 g,3.69,24.6,eudermin,perfumeriaehigiene
aceite capilar enriquecido con argan suave  liso pantene pro v 100 ml,100 ml,8.69,86.89999999999999,pantene,perfumeriaehigiene
dentifrico sabor fresa desde 7 anos carrefour 75 ml,75 ml,0.99,13.200000000000001,carrefour,perfumeriaehigiene
locion corporal reafirmante hidratante con aceite de argan nivea q10 400 ml,400 ml,7.75,19.375,nivea,perfumeriaehigiene
laca fijadora normal satin loreal elnett 300 ml,300 ml,6.19,20.633333333333336,elnett,perfumeriaehigiene
desodorante roll on extrem byly 50 ml,50 ml,2.19,43.8,byly,perfumeriaehigiene
crema suavizante 1 l,1 l,1.59,1.59,simpl,perfumeriaehigiene
dentifrico anticaries triple action extra fresh colgate 75 ml,75 ml,2.89,38.53333333333334,colgate triple accion,perfumeriaehigiene
jabon de manos liquido original dove 250 ml,250 ml,2.79,11.16,dove,perfumeriaehigiene
gel intimo delicado suave para piel sensible anti odor ph 5 chilly 250 ml,250 ml,4.89,19.56,chilly,perfumeriaehigiene
champu fortalece  repara con biotina  pro bond complex repara 7 danos en 1 uso tresemme 685 ml,685 ml,5.69,8.306569343065693,tresemme,perfumeriaehigiene
desodorante roll on zero sanex men 50 ml,50 ml,2.55,50.99999999999999,sanex,perfumeriaehigiene
desodorante roll on dermo proteccion antitranspirante 0 alcohol carrefour soft 50 ml,50 ml,0.92,18.4,carrefour soft,perfumeriaehigiene
colutorio diario cuidado de las encias frescor intenso 0 alcohol parodontax 500 ml,x 500,6.69,0.013380000000000001,parodontax,perfumeriaehigiene
gel de ducha puro 0 pieles sensibles hidrogenesse 800 ml,800 ml,2.49,3.1125000000000003,hidrogenesse,perfumeriaehigiene
champu liso  sedoso para cabello seco o encrespado tresemme 685 ml,685 ml,5.69,8.306569343065693,tresemme,perfumeriaehigiene
colutorio diario cuidado de las encias menta suave 0 alcohol parodontax 500 ml,x 500,6.69,0.013380000000000001,parodontax,perfumeriaehigiene
toallitas desmaquillantes piel sensible efecto detox vitesse mineral 25 ud,25 ud,2.89,0.11560000000000001,vitesse,perfumeriaehigiene
tratamiento intensivo nutritivo en ampollas suave  liso pantene pro v pack de 3 unidades de 15 ml,pack de 3 unidades de 15 ml,4.45,98.8888888888889,pantene,perfumeriaehigiene
crema facial de noche con q10 natural  creatina q10 power antiarrugas  firmeza nivea 50 ml,50 ml,10.79,215.79999999999998,nivea q10,perfumeriaehigiene
tabletas limpiadoras para protesis dentales antibacteriana accion blanqueadora carrefour soft 36 ud,36 ud,2.75,0.0763888888888889,carrefour soft,perfumeriaehigiene
gel de bano para el cuidado de pieles atopicas secas y sensibles instituto espanol 500 ml,500 ml,5.19,10.38,instituto espanol,perfumeriaehigiene
plenitude revitalift tarro 50,1 paquete,10.55,10.55,loreal revitalift,perfumeriaehigiene
jabon de manos liquido leche y almendra con hidratante naturals palmolive 300 ml,300 ml,2.69,8.966666666666667,palmolive,perfumeriaehigiene
protegeslips para incontinencia absodys discret carrefour soft 20 ud,20 ud,2.95,0.14750000000000002,carrefour soft,perfumeriaehigiene
mascarilla capilar 3 en 1 hair food sandia revitalizante para cabello apagado garnier fructis 390 ml,390 ml,6.95,17.82051282051282,garnier fructis hair food,perfumeriaehigiene
champu anticaida cabello fragil men carrefour 400 ml,400 ml,2.29,5.725,carrefour,perfumeriaehigiene
cepillo de dientes medio limpieza completa total colgate 2 ud,2 ud,3.79,1.895,colgate,perfumeriaehigiene
desodorante en spray emerald geranium axe 150 ml,150 ml,5.95,39.66666666666667,axe,perfumeriaehigiene
tinte retoca raices spray instantaneo castano magic retouch  loreal paris 75 ml,75 ml,6.25,83.33333333333334,loreal magic retouch,perfumeriaehigiene
champu hair food banana ultra nutritivo garnier fructis 350 ml,350 ml,5.79,16.542857142857144,garnier fructis hair food,perfumeriaehigiene
cortaunas carrefour 1 ud,1 ud,1.9,1.9,carrefour,perfumeriaehigiene
desodorante en spray blue lavender axe 150 ml,150 ml,5.95,39.66666666666667,axe,perfumeriaehigiene
jabon de manos en pastilla suave no perfumado ecologico carrefour 100 g,100 g,2.15,21.499999999999996,carrefour soft,perfumeriaehigiene
desodorante con extracto de granada antimanchas soft carrefour 200 ml,200 ml,1.92,9.6,carrefour soft,perfumeriaehigiene
recambios cepillo bateria universal total clean carrefour soft 5 ud,5 ud,9.99,1.998,carrefour soft,perfumeriaehigiene
champu anticaida growth booster loreal elvive 200 ml,200 ml,6.55,32.75,elvive,perfumeriaehigiene
coloracion permanente sin amoniaco para un olor agradable tono 60 rubio oscuro garnier olia 1 ud,1 ud,8.85,8.85,garnier olia,perfumeriaehigiene
gel de ducha hidratante protector cuidado experto sanex recambio 950 ml,950 ml,4.29,4.515789473684211,sanex,perfumeriaehigiene
compresas para incontinencia extra discreet tena 20 ud,20 ud,9.45,0.4725,tena,perfumeriaehigiene
tampones compak lites tampax 24 ud,x 24 ud,4.45,0.18541666666666667,tampax,perfumeriaehigiene
laca volumen perfecto pantene pro v 370 ml,370 ml,5.99,16.18918918918919,pantene,perfumeriaehigiene
agua de peinado carrefour 150 ml,150 ml,1.58,10.533333333333335,carrefour,perfumeriaehigiene
crema facial de dia fp15 con q10 natural  creatina q10 power antiarrugas  firmeza nivea 50 ml,50 ml,10.79,215.79999999999998,nivea q10,perfumeriaehigiene
desodorante cherry fizz axe 150 ml,150 ml,6.35,42.333333333333336,axe,perfumeriaehigiene
compresas para incontinencia maxi discreet protect tena 12 ud,12 ud,8.55,0.7125,tena,perfumeriaehigiene
coloracion permanente n 3 castano oscuro garnier color sensation 1 ud,1 ud,3.89,3.89,garnier color sensation,perfumeriaehigiene
tampones regular pearl compak tampax 36 ud,x 36 ud,8.59,0.2386111111111111,tampax,perfumeriaehigiene
crema facial de dia antiarrugas q10 carrefour soft 50 ml,50 ml,3.89,77.8,carrefour soft,perfumeriaehigiene
mascarilla capilar aceite de argan carrefour soft 300 ml,300 ml,1.88,6.266666666666667,carrefour soft,perfumeriaehigiene
desodorante en spray sensitive proteccion 48h aceite de avena 0 alcohol carrefour soft 200 ml,200 ml,1.7,8.5,carrefour soft,perfumeriaehigiene
mascarilla capilar reparadora de aguacate y karite nectar of beauty les cosmetiques 300 ml ,300 ml,2.39,7.966666666666668,les cosmetiques,perfumeriaehigiene
recambio para maquinilla fusion5 power gillette 4 ud,4 ud,20.4,5.1,gillette,perfumeriaehigiene
after shave locion frescor tonificante williams 100 ml,100 ml,4.85,48.49999999999999,williams,perfumeriaehigiene
body milk aloe vera simply choice 500 ml,500 ml,1.53,3.06,simpl,perfumeriaehigiene
coloracion permanente sin amoniaco para un olor agradable  tono 50 castano claro garnier olia 1 ud,1 ud,8.85,8.85,garnier olia,perfumeriaehigiene
maquinillas desechables para mujer 4 hojas carrefour soft 4 ud,4 hojas,4.85,1.2125,carrefour,perfumeriaehigiene
recambios maquinilla proglide gillette 4 ud,4 ud,23.4,5.85,gillette,perfumeriaehigiene
desodorante en spray black  white invisible original nivea pack de 2 unidades de 200 ml,pack de 2 unidades de 200 ml,5.79,14.475,nivea,perfumeriaehigiene
gel de afeitar sensitive nivea men 200 ml,200 ml,5.29,26.45,nivea,perfumeriaehigiene
enjuague bucal blanqueador menta sabor suave sin alcohol advanced white listerine 500 ml,500 ml,5.39,10.78,listerine,perfumeriaehigiene
champu neutro sin sulfatos herbal 500 ml,500 ml,5.19,10.38,herbal,perfumeriaehigiene
agua micelar desmaquillante carrefour soft 500 ml,500 ml,3.75,7.5,carrefour soft,perfumeriaehigiene
desodorante en spray dermo extra control sanex pack de 2 unidades de 200 ml,pack de 2 unidades de 200 ml,5.49,13.725,sanex,perfumeriaehigiene
dentifrico original total prevencion colgate pack 3 unidades 20 ml,pack 3 unidades,3.69,1.23,colgate total,perfumeriaehigiene
toallitas intimas formula fresca chilly 12 ud,12 ud,3.25,0.2708333333333333,chilly,perfumeriaehigiene
maquinillas desechables flex 3 bic 4 ud,x 3,6.35,2.1166666666666667,bic,perfumeriaehigiene
mascarilla capilar reconstituyente tesoros de miel para pelo danado original remedies garnier 320 ml,320 ml,5.15,16.09375,garnier original remedies,perfumeriaehigiene
agua de colonia gotas frescas instituto espanol 750 ml,750 ml,8.95,11.933333333333332,gotas frescas,perfumeriaehigiene
bandas de cera depilatorias facial hipoalergenicas minima veet 20 ud,20 ud,5.65,0.28250000000000003,veet,perfumeriaehigiene
balsamo labial hidratante carrefour soft 2 ud,2 ud,2.55,1.275,carrefour,perfumeriaehigiene
champu metodo rizos garnier fructis 200 ml,200 ml,5.59,27.95,garnier fructis,perfumeriaehigiene
champu nutri suavizante cabello rebelde science les cosmetiques 400 ml,400 ml,1.8,4.5,les cosmetiques,perfumeriaehigiene
esphidra rizos extra marca200,1 paquete,4.69,4.69,garnier fructis style,perfumeriaehigiene
champu cabellos tenidos science les cosmetiques 400 ml,400 ml,1.8,4.5,les cosmetiques,perfumeriaehigiene
lubricante con ingredientes 100 naturales naturals h2o durex 100 ml,x 100,16.09,0.1609,durex,perfumeriaehigiene
horquilla clasicas negras ponette 20 ud,20 ud,1.75,0.0875,ponette,perfumeriaehigiene
preservativos estimulante happy sex 12 ud,x 12 ud,3.85,0.32083333333333336,happy sex,perfumeriaehigiene
coloracion permanente n 70 rubio garnier color sensation 1 ud,1 ud,3.89,3.89,garnier color sensation,perfumeriaehigiene
toallitas desmaquillantes suaves nectar of bio 25 ud,25 ud,2.39,0.0956,nectar of bio,perfumeriaehigiene
serum ultra repair science les cosmetiques 100 ml,100 ml,4.89,48.89999999999999,les cosmetiques,perfumeriaehigiene
gel de ducha puro 0 termal hidrogenesse 800 ml,800 ml,2.45,3.0625,hidrogenesse,perfumeriaehigiene
cera de peinado efecto brillante science les cosmetiques 75 ml,75 ml,2.55,34.0,lcs   science   kera,perfumeriaehigiene
gel fijador control total giorgi 240 ml,240 ml,3.79,15.791666666666668,giorgi,perfumeriaehigiene
discos de algodon redondos removedoras de maquillaje expert demakup 108 ud,108 ud,3.39,0.03138888888888889,demak up,perfumeriaehigiene
jabon de manos liquido elimina olores cocina antibacteriano hygiene plus palmolive 300 ml,300 ml,2.69,8.966666666666667,palmolive,perfumeriaehigiene
tampones con aplicador super carrefour 20 ud,20 ud,2.55,0.1275,carrefour,perfumeriaehigiene
desodorante stick antitranspirante confidence rexona 45 ml,45 ml,5.79,128.66666666666669,rexona,perfumeriaehigiene
dentifrico original total prevencion activa colgate 50 ml,50 ml,2.39,47.8,colgate total,perfumeriaehigiene
champu anticaspa pantene pro v 625 ml,625 ml,8.09,12.943999999999999,pantene,perfumeriaehigiene
gel de ducha ice chill axe 400 ml,400 ml,3.65,9.125,axe,perfumeriaehigiene
compresas para incontinencia de orina extra discreet ausonia 22 ud,22 ud,10.49,0.4768181818181818,ausonia,perfumeriaehigiene
champu nutritivo para cabello seco carrefour soft 750 ml,750 ml,3.19,4.253333333333333,carrefour,perfumeriaehigiene
recambios cepillo bateria universal perfect angle carrefour soft 2 ud ,2 ud,6.35,3.175,carrefour soft,perfumeriaehigiene
serum capilar rellenador 2 complejo hialuronico hidra hialuronico loreal paris 150 ml,150 ml,8.25,55.0,elvive,perfumeriaehigiene
coloracion permanente n 6 rubio oscuro garnier color sensation 1 ud,1 ud,3.89,3.89,garnier color sensation,perfumeriaehigiene
crema facial de dia fp30 con q10 natural  creatina q10 power antiarrugas  firmeza nivea 50 ml,50 ml,13.35,267.0,nivea q10,perfumeriaehigiene
maquinilla para hombre pieles sensibles 5 hojas perfect 5 carrefour men 1 ud,5 hojas,4.09,0.818,carrefour,perfumeriaehigiene
jabon de cara y cuerpo en pastilla pieles sensibles pure carrefour soft 100 g,100 g,1.91,19.099999999999998,carrefour soft,perfumeriaehigiene
preservativos nature control 12 ud,12 ud,7.59,0.6325,control,perfumeriaehigiene
tonico facial carrefour soft 250 ml,250 ml,1.7,6.8,carrefour soft,perfumeriaehigiene
coloracion permanente n 635 rubio caramelo garnier color sensation 1 ud,1 ud,3.89,3.89,garnier color sensation,perfumeriaehigiene
desma ojos essencial snat 150,1 paquete,4.69,4.69,garnier skinactive,perfumeriaehigiene
crema depilatoria piel sensible cuerpo  piernas minima veet 200 ml,200 ml,5.59,27.95,veet,perfumeriaehigiene
gel de afeitado piel sensible carrefour men 200 ml,200 ml,1.75,8.75,carrefour,perfumeriaehigiene
jabon de manos coco soft carrefour 500 ml,500 ml,1.58,3.16,carrefour soft,perfumeriaehigiene
gel de ducha hidratante protector cuidado experto sanex 850 ml,x 850,3.79,0.004458823529411765,sanex,perfumeriaehigiene
dentifrico carbon max white colgate 75 cl,75 cl,3.49,4.653333333333333,colgate max,perfumeriaehigiene
cepillo de dientes suave carrefour 4 ud,4 ud,1.46,0.365,carrefour,perfumeriaehigiene
desodorante en spray antitranspirante bright bouquet rexona 200 ml,200 ml,2.69,13.45,rexona,perfumeriaehigiene
toallitas intimas con aloe vera carrefour soft 20 ud,20 ud,1.12,0.05600000000000001,carrefour soft,perfumeriaehigiene
desodorante roll on dry impact nivea men 50 ml,50 ml,2.35,47.0,nivea men,perfumeriaehigiene
compresas con alas para noche ultrafina ausonia 24 ud,24 ud,5.35,0.22291666666666665,ausonia,perfumeriaehigiene
desodorante en spray antitranspirante invisible ice fresh men rexona 200 ml,200 ml,2.89,14.45,rexona,perfumeriaehigiene
espuma de afeitar piel sensible carrefour men 250 ml,250 ml,1.29,5.16,carrefour,perfumeriaehigiene
dentifrico herbal 10 carrefour soft 75 ml,75 ml,0.83,11.066666666666666,carrefour soft,perfumeriaehigiene
dentifrico 2 en 1 menta fresca licor del polo 75 ml,75 ml,2.39,31.86666666666667,licor del polo,perfumeriaehigiene
dentifrico esmalte sano total colgate 75 ml,75 ml,3.65,48.666666666666664,colgate total,perfumeriaehigiene
recambios fusion5 proglide gillette 4 ud ,4 ud,12.69,3.1725,gillette,perfumeriaehigiene
desodorante en spray antitranspirante cobalt dry men rexona 200 ml,200 ml,2.89,14.45,rexona,perfumeriaehigiene
cepillo de dientes medio 360 deep clean colgate 1 ud,1 ud,4.45,4.45,colgate,perfumeriaehigiene
gel de ducha hidratante aloe vera instituto espanol 1250 ml,1250 ml,2.49,1.9920000000000002,instituto espanol,perfumeriaehigiene
tampones super pearl tampax 24 ud,x 24 ud,5.09,0.21208333333333332,tampax,perfumeriaehigiene
champu protector para el pelo tenido y mechas color vive elvive loreal paris 400 ml,400 ml,4.59,11.475,elvive,perfumeriaehigiene
gel intimo frescor diario carrefour 500 ml,500 ml,1.25,2.5,carrefour soft,perfumeriaehigiene
gel de ducha nostalgia carrefour 750 ml,750 ml,1.6,2.1333333333333333,carrefour,perfumeriaehigiene
compresas ultrafinas con alas super carrefour 24 ud,24 ud,1.59,0.06625,carrefour,perfumeriaehigiene
protegeslip normal carrefour soft 72 ud,72 ud,1.85,0.025694444444444447,carrefour soft,perfumeriaehigiene
lima metalica para unas carrefour soft 1 ud,1 ud,1.91,1.91,carrefour soft,perfumeriaehigiene
gel de ducha sensible cuidado hidratante nb palmolive 600 ml,600 ml,2.99,4.983333333333334,nb palmolive,perfumeriaehigiene
mascarilla capilar nutri alisante cabello rebelde science les cosmetiques 300 ml,300 ml,1.54,5.133333333333334,les cosmetiques,perfumeriaehigiene
espuma de afeitar piel normal carrefour men 250 ml,250 ml,1.36,5.44,carrefour,perfumeriaehigiene
gomas de pelo metalicas pequenas ponette 20 ud,20 ud,1.08,0.054000000000000006,ponette,perfumeriaehigiene
tinte 40 castano garnier olia 1 ud,1 ud,8.85,8.85,garnier olia,perfumeriaehigiene
gel de ducha mineral massage thermal spa palmolive 500 ml,500 ml,3.89,7.78,palmolive,perfumeriaehigiene
preservativos nature happy sex 12 ud,x 12 ud,3.35,0.2791666666666667,happy sex,perfumeriaehigiene
crema capilar hidratacion diaria moldeador de rizos sin aclarado pantene pro v 145 ml,145 ml,7.55,52.06896551724138,pantene,perfumeriaehigiene
agua micelar bifasica garnier skin active 400 ml,400 ml,5.69,14.225,garnier skinactive,perfumeriaehigiene
gel de ducha cuidado nutritivo aceite de argan advanced care dove 400 ml,400 ml,4.59,11.475,dove,perfumeriaehigiene
cepillo de bano suave de plastico carrefour 1 ud,1 ud,3.35,3.35,carrefour,perfumeriaehigiene
maquinilla afeitar desechable triple hoja xtreme iii wilkinson 8 ud,8 ud,10.99,1.37375,wilkinson,perfumeriaehigiene
crema corporal aloe vera pieles normales carrefour 200 ml,200 ml,2.15,10.749999999999998,carrefour,perfumeriaehigiene
gel de ducha revitalizante  bio agave cuidado experto sanex 600 ml,x 600,5.05,0.008416666666666666,sanex,perfumeriaehigiene
set de viaje botellas rellenables de 3x100 ml  50 ml 1 ud,3x100,3.65,0.0365,becasan nature,perfumeriaehigiene
gel de ducha dermo aceite para piel normal seca biomeprotect sanex 850 ml,x 850,3.79,0.004458823529411765,sanex,perfumeriaehigiene
acondicionador reparador para cabello seco y danado ultra repair science les cosmetiques 400 ml,400 ml,1.8,4.5,lcs   science   kera,perfumeriaehigiene
maquinillas desechables blue ii plus gillette 14 ud,14 ud,13.05,0.9321428571428572,gillette,perfumeriaehigiene
maquinilla fusion5 gillette  recambio 5 ud,5 ud,22.5,4.5,gillette,perfumeriaehigiene
desodorante solido ecologico carrefour soft green 50 g,50 g,4.45,89.0,carrefour soft,perfumeriaehigiene
cepillo de dientes electrico vitality oral b pro 1 ud,1 ud,24.0,24.0,oral b,perfumeriaehigiene
gomas ponette natural 10 ud,10 ud,1.3,0.13,ponette,perfumeriaehigiene
crema fijadora para protesis fijacion fuerte sabor menta polident 77 g,77 g,9.39,121.94805194805195,polident,perfumeriaehigiene
acondicionador reconstituyente tesoros de miel para pelo danado original remedies garnier 250 ml,250 ml,3.75,15.0,garnier original remedies,perfumeriaehigiene
compresas para incontinencia de orina maxi discreet ausonia 10 ud,10 ud,5.89,0.589,ausonia,perfumeriaehigiene
champu reconstituyente tesoros de miel para pelo danado original remedies garnier 600 ml,600 ml,7.65,12.750000000000002,garnier original remedies,perfumeriaehigiene
champu albaricoque ninos carrefour soft 250 ml,250 ml,1.55,6.2,carrefour soft,perfumeriaehigiene
compresas sin alas extraplana clasica ausonia 12 ud,12 ud,1.7,0.14166666666666666,ausonia,perfumeriaehigiene
acondicionador suavidad aroma a rosas herbal essences 250 ml,250 ml,5.75,23.0,herbal essences,perfumeriaehigiene
recambios maquinilla turbo 6 carrefour men 4 ud,4 ud,5.49,1.3725,carrefour,perfumeriaehigiene
piedra quitadurezas carrefour soft 1 ud,1 ud,3.25,3.25,carrefour soft,perfumeriaehigiene
compresas para incontinencia de orina normal discreet ausonia 26 ud,26 ud,10.39,0.39961538461538465,ausonia,perfumeriaehigiene
parches hidrogel para los ojos con aloe vera idc institute 1 ud,1 ud,1.1,1.1,idc institute,perfumeriaehigiene
champu cuidado clasico para pelo normal y mixto pantene  pro v 625 ml,625 ml,8.95,14.319999999999999,pantene,perfumeriaehigiene
mascarilla capilar 3 en 1 hair food manteca de cacao rizos nutridos para cabello rizado seco garnier fructis 390 ml,390 ml,6.95,17.82051282051282,garnier fructis hair food,perfumeriaehigiene
dentifrico proteccion contra la sensibilidad advanced oral b  75 ml,75 ml,5.45,72.66666666666667,oral b,perfumeriaehigiene
tijeras para manicura carrefour soft 1 ud,1 ud,4.19,4.19,carrefour soft,perfumeriaehigiene
locion hidratante aloe vera instituto espanol 950 ml,950 ml,5.95,6.2631578947368425,instituto espanol,perfumeriaehigiene
coloracion permanente n 8 rubio luminoso garnier color sensation 1 ud,1 ud,3.89,3.89,garnier color sensation,perfumeriaehigiene
gel de ducha zero science les cosmetiques 500 ml,500 ml,1.7,3.4,les cosmetiques,perfumeriaehigiene
champu fortificante arginina resist x3 para cabello fragil loreal elvive 690 ml,x3,7.59,2.53,elvive,perfumeriaehigiene
champu solido con aceite de almendra dulce para cabellos normales carrefour soft green 75 g,75 g,4.45,59.333333333333336,carrefour soft,perfumeriaehigiene
preservativos sensitive happy sex 12 ud,x 12 ud,3.39,0.28250000000000003,happy sex,perfumeriaehigiene
desodorante roll on invisible dry dove pack de 2 unidades de 50 ml,pack de 2 unidades de 50 ml,4.59,45.9,dove,perfumeriaehigiene
crema de talones agrietados carrefour soft 125 ml,125 ml,1.2,9.6,carrefour,perfumeriaehigiene
preservativos finissimo original control 12 ud,12 ud,8.95,0.7458333333333332,control,perfumeriaehigiene
jabon de manos de melon soft carrefour 300 ml,300 ml,2.45,8.166666666666668,carrefour soft,perfumeriaehigiene
champu molecular bond pantene pro v miracles 250 ml,250 ml,6.69,26.76,pantene,perfumeriaehigiene
desodorante en crema antitranspirante clean scent rexona 45 ml,45 ml,5.79,128.66666666666669,rexona,perfumeriaehigiene
maquinillas desechables piel sensible sensor3 gillette 8 ud,8 ud,11.99,1.49875,gillette,perfumeriaehigiene
champu fortificante aloe hydra bomb hidrata y suaviza garnier fructis 360 g,360 g,4.19,11.638888888888891,garnier fructis,perfumeriaehigiene
compresas para incontinencia de orina maxi discreet ausonia 20 ud,20 ud,10.39,0.5195000000000001,ausonia,perfumeriaehigiene
laca fijacion flexible pantene pro v 370 ml,370 ml,5.99,16.18918918918919,pantene,perfumeriaehigiene
champu con aceites de argan y macadamia para pelo seco danado carrefour soft 400 ml,400 ml,2.05,5.124999999999999,carrefour soft,perfumeriaehigiene
tcremeglosscasting600,1 paquete,7.95,7.95,loreal casting creme gloss,perfumeriaehigiene
agua micelar con vitamina c limpia desmaquilla e ilumina la piel apagada formula hipoalergenica garnier 400 ml,400 ml,5.69,14.225,garnier skinactive,perfumeriaehigiene
spray termoprotector science les cosmetiques 200 ml,200 ml,2.99,14.950000000000001,les cosmetiques,perfumeriaehigiene
tinte 415 chocolate garnier olia 1 ud,1 ud,8.85,8.85,garnier olia,perfumeriaehigiene
crema de noche antiarrugas  firmeza loreal revitalift 50 ml,50 ml,11.15,223.0,loreal revitalift,perfumeriaehigiene
cepillo de pelo raqueta ponette 1 ud,1 ud,3.55,3.55,ponette,perfumeriaehigiene
champu hidratacion y brillo pantene pro v miracles 250 ml,250 ml,6.49,25.96,pantene,perfumeriaehigiene
pinza extra grande ponette 1 ud,1 ud,3.35,3.35,ponette,perfumeriaehigiene
desodorante en spray extrem frescor 96h byly 200 ml,200 ml,3.19,15.95,byly,perfumeriaehigiene
guante de crin carrefour 1 ud,1 ud,2.15,2.15,carrefour,perfumeriaehigiene
espuma de afeitar para piel sensible gillette 200 ml,200 ml,2.75,13.75,gillette,perfumeriaehigiene
gel reparador vaseline 100 ml,100 ml,3.25,32.5,vaseline,perfumeriaehigiene
goma de pelo trenzada ponette 2 ud,2 ud,2.15,1.075,ponette,perfumeriaehigiene
mascarilla hidratante matificante hydra bomb garnier skin active 1 ud,1 ud,3.25,3.25,garnier skinactive,perfumeriaehigiene
desodorante en spray mineral protect sanex 200 ml,x 200,3.69,0.01845,sanex,perfumeriaehigiene
gel de masaje erotico y lubricante estimulante con aloe vera play massage 2 en 1 durex 200 ml,x 200,14.59,0.07295,durex,perfumeriaehigiene
tinte 70 rubio garnier olia 1 ud,1 ud,8.85,8.85,garnier olia,perfumeriaehigiene
compresas normal sin alas cottonlike evax 20 ud,x 20 ud,2.59,0.1295,evax cottonlike,perfumeriaehigiene
champu cereza 2en1 kids carrefour soft 250 ml,250 ml,1.41,5.64,carrefour soft,perfumeriaehigiene
agua micelar desmaquillante carrefour soft 100 ml,100 ml,1.8,18.0,carrefour soft,perfumeriaehigiene
crema depilatoria corporal para todo tipo de pieles carrefour men 200 ml,200 ml,4.15,20.75,carrefour,perfumeriaehigiene
tinte permanente tono 5 castano claro excellence creme loreal paris 1 ud,1 ud,8.89,8.89,loreal excellence,perfumeriaehigiene
espuma rizo marcado giorgi 100 ml,100 ml,2.39,23.9,giorgi,perfumeriaehigiene
desodorante roll on perfume floral 50 ml,50 ml,0.9,18.0,simpl,perfumeriaehigiene
jabon de manos en pastilla glicerina natural lixone pack de 3 unidades de 125 g,pack de 3 unidades de 125 g,3.65,9.733333333333333,lixone,perfumeriaehigiene
enjuague bucal fresh carrefour soft 100 ml,100 ml,1.19,11.899999999999999,carrefour soft,perfumeriaehigiene
bandas de cera depilatoria frias zona bikini y axilas pieles sensibles carrefour soft 16 ud,16 ud,1.83,0.114375,carrefour soft,perfumeriaehigiene
champu detox te verde y 5 plantas beneficiosas original remedies garnier 400 ml,400 ml,4.45,11.125,garnier original remedies,perfumeriaehigiene
desodorante en spray dermo invisible sanex pack de 2 unidades de 200 ml,pack de 2 unidades de 200 ml,5.49,13.725,sanex,perfumeriaehigiene
jabon de manos en pastilla de aceite de oliva 125 g,125 g,1.55,12.4,lixone,perfumeriaehigiene
desodorante en spray antitranspirante rexona men pack 2 unidades 200 ml,pack 2 unidades,7.15,3.575,rexona,perfumeriaehigiene
pinza de depilar pavonada punta recta beter 1 ud,1 ud,3.65,3.65,beter,perfumeriaehigiene
champu adios frizz pantene pro v miracles 250 ml,250 ml,6.25,25.0,pantene,perfumeriaehigiene
jabon natural 100 de glicerina en pastilla original lida pack de 2 unidades de 125 g,pack de 2 unidades de 125 g,3.75,15.0,lida,perfumeriaehigiene
tinte de cabello permanente sin amoniaco tono 10 negro revlon colorsilk 1 ud,1 ud,3.69,3.69,colorsilk,perfumeriaehigiene
crema de manos aloe vera nivea 100 ml,100 ml,2.39,23.9,nivea,perfumeriaehigiene
desodorante roll on active control sanex men pack 2 unidades de 50 ml,pack 2 unidades de 50 ml,4.59,2.295,sanex,perfumeriaehigiene
goma de pelo multicolor ponette 6 ud,6 ud,1.12,0.18666666666666668,ponette,perfumeriaehigiene
vaselina para labios perfumada frambuesa soft carrefour 15 g,15 g,1.6,106.66666666666667,carrefour,perfumeriaehigiene
acondicionador liso  sedoso para cabello seco o encrespado tresemme 685 ml,685 ml,5.69,8.306569343065693,tresemme,perfumeriaehigiene
champu liso keratina para cabello encrespado garnier fructis 200 ml,200 ml,5.59,27.95,garnier fructis,perfumeriaehigiene
maquinillas desechables para mujer 3 hojas carrefour soft 4 ud,3 hojas,2.15,0.7166666666666667,carrefour,perfumeriaehigiene
cepillo esqueleto pequeno ponette 1 ud,1 ud,1.12,1.12,ponette,perfumeriaehigiene
bombas de jabon efervescentes multicolor idc institute pack de 8 unidades de 15 g,pack de 8 unidades de 15 g,2.25,18.75,idc,perfumeriaehigiene
compresas para incontinencia de orina extra seguridad maxi noche discreet ausonia 12 ud,12 ud,6.55,0.5458333333333333,ausonia,perfumeriaehigiene
after shave balsamo piel sensible lea 125 ml,125 ml,3.59,28.72,lea,perfumeriaehigiene
mascarilla intensiva 3 en 1 macadamia alisadora para cabello seco y rebelde garnier fructis hair food 390 ml,390 ml,6.95,17.82051282051282,garnier fructis hair food,perfumeriaehigiene
mascarilla capilar revitalizante resist plus con arginina cabellos fragiles science les cosmetiques 300 ml,300 ml,1.54,5.133333333333334,lcs   science   kera,perfumeriaehigiene
lima de unas fibra de vidrio 180220 grit beter 1 ud,1 ud,1.95,1.95,beter,perfumeriaehigiene
desodorante stick antimanchas 0 alcohol neutral 24h carrefour soft 75 ml,75 ml,1.9,25.333333333333332,carrefour soft,perfumeriaehigiene
crema corporal hidratante para pieles atopicas carrefour 400 ml,400 ml,2.55,6.374999999999999,carrefour,perfumeriaehigiene
desodorante en spray copper santal axe 150 ml,150 ml,5.95,39.66666666666667,axe,perfumeriaehigiene
jabon liquido natural 100 de glicerina original lida 500 ml,500 ml,4.35,8.7,lida,perfumeriaehigiene
mascarilla facial hidratante revitalizante unicornio idc institute 1 ud,1 ud,1.7,1.7,idc institute,perfumeriaehigiene
champu hair food papaya reparador garnier fructis 350 ml,350 ml,5.79,16.542857142857144,garnier fructis hair food,perfumeriaehigiene
champu hair food aloe vera hidratante garnier fructis 350 ml,350 ml,5.79,16.542857142857144,garnier fructis hair food,perfumeriaehigiene
body milk manteca de karite nivea 400 ml,400 ml,5.19,12.975,nivea,perfumeriaehigiene
coloracion permanente n 66 rojo intenso garnier color sensation 1 ud,1 ud,3.89,3.89,garnier color sensation,perfumeriaehigiene
gel de ducha hidratante 10  urea piel seca carrefour soft 500 ml,500 ml,1.99,3.98,carrefour,perfumeriaehigiene
crema de noche antiarrugas q10 hidrata y mejora la elasticidad carrefour soft 50 ml,50 ml,3.89,77.8,carrefour soft,perfumeriaehigiene
agua de peinado nelly 200 ml,200 ml,3.19,15.95,nelly,perfumeriaehigiene
mascarilla facial hidratante unicorn idc institute 1 ud,1 ud,1.13,1.13,idc institute,perfumeriaehigiene
compresas de incontinencia para hombre absodys men carrefour 20 ud,20 ud,8.79,0.43949999999999995,carrefour,perfumeriaehigiene
crema depilatoria con aloe vera y manteca de karite piel sensible carrefour soft 200 ml,200 ml,3.65,18.25,carrefour soft,perfumeriaehigiene
dentifrico dientes mas blancos sensation blanqueador colgate pack de 2 unidades de 75 ml,pack de 2 unidades de 75 ml,4.79,31.933333333333334,colgate,perfumeriaehigiene
lima podologica raspadurezas carrefour soft 1 ud,1 ud,3.09,3.09,carrefour,perfumeriaehigiene
desmaquillador de ojos doble accion nivea 125 ml,125 ml,5.95,47.6,nivea,perfumeriaehigiene
lubricante original base agua durex 50 ml,x 50,10.65,0.213,durex,perfumeriaehigiene
crema de manos reparadora secas y danadas carrefour 100 ml,100 ml,1.73,17.299999999999997,carrefour,perfumeriaehigiene
recambio de maquinilla mach3 gillette 8 ud,8 ud,25.7,3.2125,gillette,perfumeriaehigiene
champu reparador para el pelo danado total repair 5  elvive loreal paris 690 ml,690 ml,7.59,11.0,elvive,perfumeriaehigiene
desodorante en spray sport proteccion 48h antitranspirante frescor intenso 0 alcohol carrefour men 100 ml,100 ml,1.58,15.8,carrefour,perfumeriaehigiene
champu brillo y suavidad para cabello graso carrefour 750 ml,750 ml,3.19,4.253333333333333,carrefour,perfumeriaehigiene
recambio cepillo dental electrico cross action oral b 4 ud,4 ud,20.8,5.2,oral b,perfumeriaehigiene
mascarilla capilar intensiva molecular bond repair pantene pro v miracles 300 ml,300 ml,10.69,35.63333333333333,pantene,perfumeriaehigiene
jabon de manos con mandarina y camomila para todo tipo de pieles ecologico carrefour soft bio 330 ml,330 ml,2.95,8.93939393939394,carrefour soft,perfumeriaehigiene
toallitas desmaquillantes piel mixta efecto detox vitesse mineral 25 ud,25 ud,2.89,0.11560000000000001,vitesse,perfumeriaehigiene
tinte creme n 7 rubio loreal excellence 1 ud,1 ud,8.89,8.89,loreal excellence,perfumeriaehigiene
coloracion permanente n 110 rubio extra claro garnier color sensation 1 ud,1 ud,3.89,3.89,garnier color sensation,perfumeriaehigiene
mascarilla capilar 3 en 1 para cabello largo fragil pina anti rotura garnier fructis 400 ml,400 ml,6.95,17.375,garnier fructis hair food,perfumeriaehigiene
cera de peinado les cosmetiques kera science 75 ml,75 ml,2.55,34.0,les cosmetiques,perfumeriaehigiene
tampones super procomfort ob 32 ud,32 ud,6.95,0.2171875,ob,perfumeriaehigiene
panales pants day medianos absodys carrefour 14 ud,14 ud,10.79,0.7707142857142857,carrefour,perfumeriaehigiene
mascarilla de pies nutritiva con camomila idc institute 40 g,40 g,2.25,56.25,idc institute,perfumeriaehigiene
desodorante roll on dermo invisible sanex pack de 2 unidades de 50 ml,pack de 2 unidades de 50 ml,5.05,50.49999999999999,sanex,perfumeriaehigiene
acondicionador frizz control pantene pro v miracles 160 ml,160 ml,5.69,35.5625,pantene,perfumeriaehigiene
desodorante en spray anti transpirante cool kick nivea 200 ml,200 ml,3.45,17.25,nivea,perfumeriaehigiene
tinte de cabello permanente sin amoniaco tono 30 castano oscuro revlon colorsilk 1 ud,1 ud,3.69,3.69,colorsilk,perfumeriaehigiene
tinte 53 capuccino garnier olia 1 ud,1 ud,8.85,8.85,garnier olia,perfumeriaehigiene
cepillo de dientes electrico azul vitality oral b pro 1 ud,1 ud,24.0,24.0,oral b,perfumeriaehigiene
gel de masaje corporal con aroma a especias florales thai passion 2 en 1 control 200 ml,200 ml,10.09,50.449999999999996,control,perfumeriaehigiene
maquinilla turbo 6 carrefour men 1 ud,1 ud,4.99,4.99,carrefour,perfumeriaehigiene
cepillo esqueleto grande ponette 1 ud,1 ud,2.25,2.25,ponette,perfumeriaehigiene
cepillo de dientes medio refresca el aliento triple action colgate 4 ud,4 ud,5.09,1.2725,colgate triple accion,perfumeriaehigiene
gel limpidor suave para todo tipo de pieles ecologico nectar of bio 150 ml,150 ml,3.09,20.6,nectar of bio,perfumeriaehigiene
maquinilla para hombre 3 hojas system 3 carrefour men 1 ud,3 hojas,2.99,0.9966666666666667,carrefour,perfumeriaehigiene
champu micelar aloe vera y alga nori carrefour soft 400 ml,400 ml,2.05,5.124999999999999,carrefour soft,perfumeriaehigiene
crema hidratante anti fatiga hydra energetic loreal men expert 50 ml,50 ml,6.95,139.0,loreal men expert,perfumeriaehigiene
compresas para incontinencia normal discreet indasec 24 ud,24 ud,6.79,0.28291666666666665,indasec,perfumeriaehigiene
recambios cepillo bateria universal dual zone carrefour soft 2 ud,2 ud,6.35,3.175,carrefour soft,perfumeriaehigiene
tinte creme n 71 rubio ceniza loreal excellence 1 ud,1 ud,8.89,8.89,loreal excellence,perfumeriaehigiene
champu anticaspa apple fresh hs 330 ml,330 ml,4.69,14.212121212121213,hs 7 en 1,perfumeriaehigiene
espuma volumen perfecto pantene pro v 300 ml,300 ml,5.59,18.633333333333333,pantene,perfumeriaehigiene
lubricante fresa dulce y placentero durex 50 ml,x 50,10.65,0.213,durex,perfumeriaehigiene
gel de ducha cuerpo y cabello de fresa soft carrefour 250 ml,250 ml,1.7,6.8,carrefour soft,perfumeriaehigiene
champu retoque color castano garnier color sensation 40 ml,40 ml,4.69,117.25000000000001,garnier color sensation,perfumeriaehigiene
desodorante es spray original old spice 150 ml,150 ml,4.55,30.333333333333332,old spice,perfumeriaehigiene
aceite en crema oliva mitica sin aclarado garnier original remedies 200 ml,200 ml,3.99,19.95,garnier original remedies,perfumeriaehigiene
agua de colonia glicerina y te blanco heno de pravia 780 ml,780 ml,4.89,6.269230769230768,heno de pravia,perfumeriaehigiene
crema intensiva anti edad revitalift laser x3 loreal revitalift 50 ml,x3,21.8,7.266666666666667,loreal revitalift laser,perfumeriaehigiene
desodorante en crema antitranspirante stress control rexona 45 ml,45 ml,5.79,128.66666666666669,rexona,perfumeriaehigiene
acondicionador hidratante agua de coco  bambu para cabellos apagados deshidratados carrefour soft 300 ml,300 ml,2.49,8.3,carrefour soft,perfumeriaehigiene
gel de ducha cuidado hidratante aloe y agua de abedul advanced care dove 400 ml,400 ml,4.75,11.875,dove,perfumeriaehigiene
acondicionador liso keratina para cabello encrespado garnier fructis 200 ml,200 ml,5.59,27.95,garnier fructis,perfumeriaehigiene
jabon de manos alepo tade 200 g,200 g,5.69,28.45,tade,perfumeriaehigiene
champu detox extracto de pepino y raiz de ginseng carrefour soft 400 ml,400 ml,2.05,5.124999999999999,carrefour soft,perfumeriaehigiene
crema de manos nutritiva karite ecologica para piel seca carrefour ,1 paquete,2.35,2.35,carrefour soft,perfumeriaehigiene
compresas para incontinencia maxi night dermoseda indasec 12 ud,12 ud,7.05,0.5875,indasec,perfumeriaehigiene
tcremeglosscasting500,1 paquete,7.95,7.95,loreal casting creme gloss,perfumeriaehigiene
toallitas desmaquillantes tonico agua micelar jabonosas natural care salustar 20 ud,20 ud,2.25,0.1125,salustar,perfumeriaehigiene
after shave balsamo pieles sensibles carrefour men 100 ml,100 ml,1.6,16.0,carrefour,perfumeriaehigiene
preservativos sensitivos real feel durex 12 ud,x 12 ud,15.79,1.3158333333333332,durex,perfumeriaehigiene
lubricante aloe vera 100 natural sin fragancia colorantes ni agentes irritantes naturals extra sensitivo durex 100 ml,x 100,16.45,0.16449999999999998,durex,perfumeriaehigiene
polvos texturizantes y volumen powderful got2b schwarzkopf 10 g,10 g,5.85,585.0,got2b,perfumeriaehigiene
tampones sin aplicador normal ecologicos carrefour soft pure 24 ud,24 ud,4.49,0.18708333333333335,carrefour eco planet,perfumeriaehigiene
champu glycolic gloss con acido glicolico cabello suave y brillante loreal paris elvive 200 ml,200 ml,6.79,33.949999999999996,elvive,perfumeriaehigiene
aceite corporal hidratante de argan oilgo natural honey 300 ml,300 ml,4.19,13.966666666666669,natural honey,perfumeriaehigiene
agua de colonia lavanda puig 750 ml,750 ml,6.59,8.786666666666667,lavanda de puig,perfumeriaehigiene
cera de peinado fibra remodelante flex style les cosmetiques 75 ml,75 ml,2.55,34.0,lcs   science   kera,perfumeriaehigiene
guante de exfoliacion becasan nature 1 ud,1 ud,1.62,1.62,becasan nature,perfumeriaehigiene
crema de manos antiedad 3 en 1 nivea q10 100 ml,100 ml,4.29,42.9,nivea,perfumeriaehigiene
mascarilla capilar sin aclarado ultranutritiva con aceite de oliva les cosmetiques nectar of beauty 200 ml,200 ml,2.89,14.45,carrefour soft,perfumeriaehigiene
lubricante de base agua efecto calor durex 50 ml,x 50,10.65,0.213,durex,perfumeriaehigiene
champu hair food sandia revitalizante garnier fructis 350 ml,350 ml,5.79,16.542857142857144,garnier fructis hair food,perfumeriaehigiene
gel de afeitado espuma rapida gillette labs 198 ml,198 ml,5.75,29.040404040404038,gillette labs,perfumeriaehigiene
gel de higiene intima con extracto de calendula ecologica carrefour soft bio 200 ml,200 ml,3.09,15.45,carrefour soft,perfumeriaehigiene
champu nutricion extrema para pelo seco oliva mitica original remedies garnier 400 ml,400 ml,4.29,10.725,garnier original remedies,perfumeriaehigiene
gel de afeitado para piel sensible gillette pro 200 ml,200 ml,7.85,39.24999999999999,gillette,perfumeriaehigiene
pinza grande ponette 1 ud,1 ud,3.35,3.35,ponette,perfumeriaehigiene
panales pants day grandes absodys carrefour 14 ud,14 ud,10.79,0.7707142857142857,carrefour,perfumeriaehigiene
crema de dia anti edad renovadora con proteccion solar spf20 con proxylane revitalift laser loreal paris 50 ml,50 ml,21.6,432.0,loreal revitalift laser,perfumeriaehigiene
esponja desmaquilladora 100 natural suavipiel 2 ud,2 ud,1.12,0.56,suavipiel,perfumeriaehigiene
espuma limpiadora con agua micelar les cosmetiques 150 ml,150 ml,2.89,19.26666666666667,carrefour soft,perfumeriaehigiene
gomas de pelo basica ponette 1 ud,1 ud,1.12,1.12,ponette,perfumeriaehigiene
tampones normal procomfort ob 32 ud,32 ud,6.95,0.2171875,ob,perfumeriaehigiene
gel ducha mini carrefour soft 100 ml,100 ml,1.24,12.399999999999999,carrefour soft,perfumeriaehigiene
mascarilla capilar cabellos tenidos science les cosmetiques 300 ml,300 ml,1.54,5.133333333333334,les cosmetiques,perfumeriaehigiene
protegeslip grande negras soft carrefour 30 ud,30 ud,1.9,0.06333333333333332,carrefour soft,perfumeriaehigiene
cepillo masajeador de cabello ecologico ponette natural 1 ud,1 ud,5.49,5.49,ponette,perfumeriaehigiene
recambios maquinilla para hombre 3 hojas system 3 carrefour men 4 ud,3 hojas,3.49,1.1633333333333333,carrefour,perfumeriaehigiene
com incont maxi indasec 15u,15u,6.45,0.43,indasec,perfumeriaehigiene
agua de colonia n 13 para hombre caravan 150 ml,150 ml,10.69,71.26666666666667,caravan,perfumeriaehigiene
desodorante en spray mineral protect sanex 200 ml,x 200,3.69,0.01845,sanex,perfumeriaehigiene
quitaesmalte suave easy pump carrefour 200 ml,200 ml,3.35,16.75,carrefour,perfumeriaehigiene
contorno de ojos q10 carrefour soft 15 ml,15 ml,2.89,192.66666666666669,carrefour soft,perfumeriaehigiene
crema hidratante anti edad vita lift 5 loreal men expert 50 ml,50 ml,8.95,178.99999999999997,loreal men expert,perfumeriaehigiene
locion corporal con aloe vera nivea 400 ml,400 ml,6.05,15.124999999999998,nivea,perfumeriaehigiene
acondicionador anticaida growth booster loreal paris elvive 150 ml,150 ml,6.69,44.6,elvive,perfumeriaehigiene
peine puntas redondas fussy 1 ud,1 ud,2.25,2.25,fussy,perfumeriaehigiene
mascarilla hidratante aroma a coco herbal essences 500 ml,500 ml,10.35,20.7,herbal essences,perfumeriaehigiene
locion hidratante rosa mosqueta instituto espanol 950 ml,950 ml,5.95,6.2631578947368425,instituto espanol,perfumeriaehigiene
crema hidratante cara y cuerpo con aceite de jojoba y vitamina e carrefour 250 ml,250 ml,2.25,9.0,carrefour,perfumeriaehigiene
espuma de afeitar clasica gillette 200 ml,200 ml,2.45,12.25,gillette,perfumeriaehigiene
champu reconstructor para cabello largo y danado dream long loreal elvive 690 ml,690 ml,7.59,11.0,elvive,perfumeriaehigiene
parches de gel para los ojos con purpurina idc institute 2 ud,2 ud,1.1,0.55,idc institute,perfumeriaehigiene
crema depilatoria piel sensible cuerpo y piernas pure veet 150 ml,150 ml,6.25,41.66666666666667,veet,perfumeriaehigiene
tinte creme n 8 rubio claro loreal excellence 1 ud,1 ud,8.89,8.89,loreal excellence,perfumeriaehigiene
tinte creme gloss n 515 castano chocolate loreal casting 1 ud,1 ud,7.95,7.95,loreal casting creme gloss,perfumeriaehigiene
desodorante en spray algodon proteccion 48h 0 alcohol carrefour soft 100 ml,100 ml,1.68,16.799999999999997,carrefour soft,perfumeriaehigiene
crema de manos hidratante manos normales o secas carrefour 100 ml,100 ml,1.73,17.299999999999997,carrefour,perfumeriaehigiene
esponja de bano rizo suave carrefour soft 2 ud,2 ud,1.47,0.735,carrefour soft,perfumeriaehigiene
crema de manos protectora forte para piel extra seca eudermin 75 ml,75 ml,2.55,34.0,eudermin,perfumeriaehigiene
champu suave para pieles atopicas instituto espanol 300 ml,300 ml,5.45,18.166666666666668,instituto espanol,perfumeriaehigiene
serum acondicionador sin aclarado 24h frizz control pantene pro v miracles 70 ml,70 ml,10.19,145.57142857142856,pantene,perfumeriaehigiene
mascarilla facial con aloe vera soft carrefour 1 ud,1 ud,1.7,1.7,carrefour soft,perfumeriaehigiene
tinte 80 rubio claro garnier olia 1 ud,1 ud,8.85,8.85,garnier olia,perfumeriaehigiene
maquinillas desechables sensitive 3 bic 10 ud,10 ud,7.15,0.7150000000000001,bic,perfumeriaehigiene
exfoliante suave facial para todo tipo de pieles carrefour soft 75 ml,75 ml,2.65,35.333333333333336,carrefour soft,perfumeriaehigiene
mascarilla capilar adios danos para cabello danado garnier fructis 320 ml,320 ml,5.15,16.09375,garnier fructis,perfumeriaehigiene
mascarilla reparadora con aceite de argan herbal essences 500 ml,500 ml,10.65,21.3,herbal essences,perfumeriaehigiene
mascarilla hidratante calmante hydra bomb garnier skin active 1 ud,1 ud,3.25,3.25,garnier skinactive,perfumeriaehigiene
champu para cabello normal a seco aceite extraordinario loreal elvive 400 ml,400 ml,4.59,11.475,elvive,perfumeriaehigiene
crema de manos hidratante soft carrefour 30 ml,30 ml,1.19,39.666666666666664,carrefour,perfumeriaehigiene
lubricante hidratante con ingredientes 100 naturales naturals durex 100 ml,x 100,16.45,0.16449999999999998,durex,perfumeriaehigiene
tincastao casting cglos400,1 paquete,7.95,7.95,loreal casting creme gloss,perfumeriaehigiene
gel de ducha leche y miel limpia y suaviza para todo tipo de pieles carrefour 15 l,15 l,2.95,0.19666666666666668,carrefour,perfumeriaehigiene
disco desmaqcuadface crf 80u,80u,1.13,0.014124999999999999,carrefour,perfumeriaehigiene
maquinillas desechables para hombre 2 hojas technic2 carrefour men 10 ud,2 hojas,1.95,0.975,carrefour,perfumeriaehigiene
desodorante en spray invisible dry 72h advanced care dove 200 ml,200 ml,4.05,20.249999999999996,dove,perfumeriaehigiene
desodorante en spray pepino 72h advanced care dove 200 ml,200 ml,4.05,20.249999999999996,dove,perfumeriaehigiene
desodorante roll on active control sanex men 50 ml,50 ml,2.35,47.0,sanex,perfumeriaehigiene
dentifrico protect caries carrefour soft 75 ml,75 ml,0.83,11.066666666666666,carrefour soft,perfumeriaehigiene
desodorante en spray dark temptation axe pack de 2 unidades de 150 ml,pack de 2 unidades de 150 ml,7.69,25.633333333333336,axe,perfumeriaehigiene
cepillo de dientes medio extra clean colgate 2 ud,2 ud,3.35,1.675,colgate,perfumeriaehigiene
toallitas desmaquillantes cara y ojos piel normal mixta carrefour soft 25 ud,25 ud,1.15,0.046,carrefour soft,perfumeriaehigiene
crema corporal con aceite de oliva carrefour soft 250 ml,250 ml,1.5,6.0,carrefour soft,perfumeriaehigiene
jabon de manos leche y miel soft carrefour 500 ml,500 ml,1.58,3.16,carrefour soft,perfumeriaehigiene
enjuague bucal total care listerine 500 ml,500 ml,5.39,10.78,listerine,perfumeriaehigiene
jabon de manos aroma frutal soft carrefour 500 ml,500 ml,1.58,3.16,carrefour soft,perfumeriaehigiene
esponja doble accion exfoliacion profunda carrefour soft 2 ud,2 ud,1.3,0.65,carrefour,perfumeriaehigiene
tampones regular compak pearl tampax 16 ud,x 16 ud,3.89,0.243125,tampax,perfumeriaehigiene
compresas super con alas cottonlike evax 24 ud,x 24 ud,4.55,0.18958333333333333,evax cottonlike,perfumeriaehigiene
gel de ducha pieles sensibles 0 carrefour soft 750 ml,750 ml,2.15,2.8666666666666667,carrefour soft,perfumeriaehigiene
esponja vegetal suave delicada carrefour soft 1 ud,1 ud,1.4,1.4,carrefour,perfumeriaehigiene
gel de ducha hidratante piel muy seca pro hydrate cuidado experto sanex 600 ml,x 600,3.09,0.00515,sanex,perfumeriaehigiene
hilo dental carrefour soft pack de 2 unidades de 50 m,pack de 2 unidades,1.8,0.9,carrefour soft,perfumeriaehigiene
gel de ducha hidratante coco carrefour 750 ml,750 ml,1.6,2.1333333333333333,carrefour,perfumeriaehigiene
body milk nutritivo para piel seca nivea 400 ml,400 ml,5.19,12.975,nivea,perfumeriaehigiene
desodorante roll on antitranspirante cream care carrefour soft 50 ml,50 ml,0.92,18.4,carrefour soft,perfumeriaehigiene
acondicionador adios danos con aceite de marula para cabello danado garnier fructis 250 ml,250 ml,3.99,15.96,garnier fructis,perfumeriaehigiene
desenredante capilar sin aclarado citrico y romero soft carrefour 200 ml,200 ml,2.99,14.950000000000001,carrefour soft,perfumeriaehigiene
mascarilla antifatiga piel cansada hyaluronic cryo jelly skinactive garnier 1 ud,1 ud,3.09,3.09,garnier skinactive,perfumeriaehigiene
esponja de maquillaje blender soft carrefour 2 ud,2 ud,3.29,1.645,carrefour soft,perfumeriaehigiene
compresas normal plus con alas cottonlike evax 28 ud,x 28 ud,5.75,0.20535714285714285,evax cottonlike,perfumeriaehigiene
cepillo de tinte para el pelo ponette 1 ud,1 ud,1.41,1.41,ponette,perfumeriaehigiene
maquinilla venus comfortglide breeze gillette  recambio 2 ud,2 ud,11.35,5.675,venus,perfumeriaehigiene
dentifrico frescor integral integral 8 signal 75 ml,75 ml,2.49,33.2,signal,perfumeriaehigiene
champu retoque color castano claro garnier color sensation 40 ml,40 ml,4.69,117.25000000000001,garnier color sensation,perfumeriaehigiene
desodorante en spray natur protect sanex 200 ml,x 200,3.69,0.01845,sanex,perfumeriaehigiene
gel de depilar piel sensible con manteca de karite perfume albaricoque carrefour soft 200 ml,200 ml,2.59,12.95,carrefour soft,perfumeriaehigiene
tinte permanente tono 81 rubio claro ceniza excellence creme loreal paris 1 ud,1 ud,8.89,8.89,loreal excellence,perfumeriaehigiene
champu fortificante cabello fragil men carrefour 400 ml,400 ml,2.29,5.725,carrefour,perfumeriaehigiene
cera de peinado men llongueras advance 85 ml,85 ml,5.99,70.47058823529412,llongueras,perfumeriaehigiene
recambio sensor excel gillette 10 ud,10 ud,17.19,1.719,gillette,perfumeriaehigiene
agua de colonia n 1 romatica oriental para mujer caravan 150 ml,150 ml,10.69,71.26666666666667,caravan,perfumeriaehigiene
colorante permanente n 1 negro intensive color cream palette 1 ud,1 ud,5.05,5.05,palette intensive,perfumeriaehigiene
crema hidratante para cara y cuerpo care nivea 400 ml,400 ml,7.49,18.724999999999998,nivea,perfumeriaehigiene
crema de manos urea instituto espanol 75 ml,75 ml,2.35,31.333333333333336,instituto espanol,perfumeriaehigiene
tinte creme n 4 castano loreal excellence 1 ud,1 ud,8.89,8.89,loreal excellence,perfumeriaehigiene
crema depilatoria bajo la ducha frutas rojas carrefour soft 250 ml,250 ml,3.49,13.96,carrefour soft,perfumeriaehigiene
crema fortalecedora ceramide protect para piel muy seca mixa sensitive skin expert 400 ml,400 ml,8.95,22.374999999999996,mixa,perfumeriaehigiene
acondicionador nutri suavizante cabello rebelde science les cosmetiques 400 ml,400 ml,1.8,4.5,les cosmetiques,perfumeriaehigiene
tinte de cabello permanente sin amoniaco tono 51 castano claro revlon colorsilk 1 ud,1 ud,3.69,3.69,colorsilk,perfumeriaehigiene
serum antiarrugas  extrafirmeza revitalift loreal 30 ml,30 ml,11.69,389.6666666666667,loreal revitalift,perfumeriaehigiene
champu anticaspa alivio del picor pro expert 7 hs 300 ml ,300 ml,5.89,19.633333333333333,hs 7 en 1,perfumeriaehigiene
recambios cabezales cepillo electrico negro pro crossaction oral b 4 ud,4 ud,20.8,5.2,oral b,perfumeriaehigiene
mascarilla liso keratina para cabello encrespado garnier fructis 370 ml,370 ml,8.99,24.2972972972973,garnier fructis,perfumeriaehigiene
pants para incontinencia de orina normal talla m absodys carrefour 8 ud,8 ud,8.25,1.03125,carrefour,perfumeriaehigiene
leche desmaquillante carrefour soft 400 ml,400 ml,3.35,8.375,carrefour soft,perfumeriaehigiene
mascarilla facial de tejido hidratante e iluminadora koala idc institute 1 ud,1 ud,1.7,1.7,idc institute,perfumeriaehigiene
tinte de cabello permanente sin amoniaco tono 37 chocolate revlon colorsilk 1 ud,1 ud,3.69,3.69,colorsilk,perfumeriaehigiene
acondicionador reparador aceite de argan herbal essences  350 ml,350 ml,7.85,22.42857142857143,herbal essences,perfumeriaehigiene
toallitas desmaquillantes para pieles secas y sensibles soft carrefour 10 ud,10 ud,1.36,0.136,carrefour soft,perfumeriaehigiene
champu repara  protege 3 en 1 pantene pro v 300 ml,300 ml,5.45,18.166666666666668,pantene 3 en 1,perfumeriaehigiene
crema reparadora corporal con manteca de cacao soft carrefour 400 ml,400 ml,4.45,11.125,carrefour soft,perfumeriaehigiene
desodorante roll on pieles atopicas carrefour soft 50 ml,50 ml,1.75,35.0,carrefour soft,perfumeriaehigiene
tinte de cabello permanente sin amoniaco tono 41 castano medio revlon colorsilk 1 ud,1 ud,3.69,3.69,colorsilk,perfumeriaehigiene
gorro de ducha ponette 1 ud,1 ud,3.09,3.09,ponette,perfumeriaehigiene
perfilador de cejas intuition perfect finish wilkinson 3 ud,3 ud,3.79,1.2633333333333334,wilkinson,perfumeriaehigiene
preservativos invisibles super finos para maximizar la sensibilidad durex 12 ud,x 12 ud,15.79,1.3158333333333332,durex,perfumeriaehigiene
mascarilla hidratacion intensiva pantene pro v miracle 300 ml,300 ml,10.89,36.300000000000004,pantene,perfumeriaehigiene
dentifrico blanqueadora max white one colgate pack de 2 unidades de 75 ml,pack de 2 unidades de 75 ml,4.75,31.666666666666668,colgate max,perfumeriaehigiene
champu purificante con te verde  arcilla nectar of beauty les cosmetiques 400 ml,400 ml,2.95,7.375,les cosmetiques,perfumeriaehigiene
gel de masaje corporal erotico y estimulante con guarana play massage 2 en 1 durex 200 ml,x 200,14.59,0.07295,durex,perfumeriaehigiene
crema de dia rehidratante anti flacidez pieles maduras loreal dermo expertise 50 ml,50 ml,10.59,211.79999999999998,loreal age perfect,perfumeriaehigiene
maquinilla mach3 gillette 1 ud,1 ud,9.59,9.59,gillette,perfumeriaehigiene
recambios maquinilla proglide power gillette 4 ud,4 ud,22.6,5.65,gillette,perfumeriaehigiene
